2378 3674
494 232 566 274 >60
777 214 1186 270 VETERA
1264 205 1925 262 MONIMENTA

431 321 504 371 stri
540 318 686 385 operis
717 317 811 364 Vet.
840 314 1035 362 Monim.
1063 322 1185 376 parte
1219 320 1257 357 Ι.
1276 314 1363 370 &A
1386 301 1605 351 theatrum
1623 334 1634 346 .
1666 301 1780 347 Non
1797 297 2039 350 absimilem
2055 315 2273 346 coronam

430 391 544 440 infra
574 390 709 435 etiam
742 384 895 432 dicturi
912 382 1060 430 sumus
1077 411 1093 435 ,
1135 376 1319 446 quando
1379 374 1507 432 refert
1518 373 1728 421 Baronius
1744 366 1798 415 ad
1835 372 1924 417 An.
1946 384 2053 428 351.
2085 388 2209 416 num.
2229 385 2274 430 7,

433 462 488 507 de
515 458 611 521 alijs
632 453 964 518 Ecclefijs,‘vbi
981 450 1141 500 slmiles
1173 445 1321 499 visun·
1379 444 1574 502 afferuari
1601 445 1647 490 in
1682 435 1840 489 Museo
1886 434 1996 502 Lelij
2025 437 2273 505 Pasqualini

433 545 505 578 tur
522 529 942 590 Seniores,agemus
966 562 976 572 .
1382 517 1526 590 postea
1555 515 1629 562 bo.
1660 528 1745 559 me:
1775 508 2021 558 Cardinalis
2049 514 2276 556 Boncom-

488 596 492 600 ’
538 601 589 645 In
608 599 748 643 Arcus
767 595 938 660 fastigio
957 625 971 649 ,
1003 609 1050 639 ac
1067 590 1173 640 facie
1186 621 1203 647 ,
1228 605 1324 656 quae
1383 589 1519 659 pagni
1535 588 1610 643 ,in
1625 601 1710 649 qua
1725 598 1913 645 corona,
1933 580 2031 627 loco
2047 592 2274 647 gemmare

437 671 750 736 pauimentum
784 663 953 730 respicit
981 695 996 719 ,
1043 675 1133 710 erat
1164 677 1326 709 mono-
1385 662 1537 711 Crucis
1554 656 1610 703 est
1625 667 1967 716 monogramma
1994 646 2053 703 &E

435 754 637 805 gramma
654 768 669 794 ,
687 733 803 805 X
823 733 946 800 quod
983 729 1208 797 delapsum
1226 762 1240 786 ,
1272 729 1319 774 in
1467 784 1472 789 q
1484 728 1559 778 Ad
1576 724 1811 774 Saluatoris
1832 719 2059 770 dexteram
2078 718 2159 768 stat
2176 717 2278 783 qui-³

437 826 556 856 noua
573 811 873 872 reparatione,
892 800 1098 850 omissum
1111 800 1222 854 fuit;
1252 811 1321 846 vt-
1380 803 1484 850 dam
1518 801 1593 848 Vir
1627 794 1756 844 simili
1784 787 1929 839 forma
1947 821 1962 845 ,
1998 804 2049 839 vt
2083 787 2280 838 Christus

439 894 543 944 pote
559 879 692 924 etiam
707 878 753 922 in
771 875 967 921 Tribuna
983 870 1106 935 supra
1123 871 1321 916 Saluato-
1382 872 1560 921 vestitus
1577 899 1591 922 ,
1630 867 1707 930 qui
1725 865 1771 910 in
1788 860 1909 928 pallij
1927 859 2070 908 limbo
2099 858 2282 923 {ignum

438 950 495 995 ris
511 961 640 1010 caput
654 959 744 991 erat
761 959 922 988 corona
953 958 1054 988 cum
1074 943 1245 992 Cruce,
1277 955 1323 983 ac
1385 946 1419 992 Ι.
1440 940 1598 991 habet,
1615 945 1657 983 ὃς
1676 933 1884 982 finistram
1900 931 2118 979 eleuatam
2132 939 2251 975 tenet
2266 933 2288 982 ,'

434 1019 484 1067 in
502 1015 608 1080 pede
627 1014 777 1059 Crucis
803 1028 982 1077 gemma
1001 1042 1015 1065 ,
1045 1026 1181 1073 quam
1201 1008 1325 1052 coro-
1387 1010 1507 1076 quasi
1523 1007 1644 1054 alteri
1662 1007 1760 1052 viro
1774 1006 1811 1050 ei
1829 1004 2063 1050 coniuncto
2082 998 2285 1065 proximu

439 1103 546 1134 nam
561 1082 784 1132 invisibilis
801 1081 993 1128 homississ
1007 1111 1020 1135 >
1057 1078 1142 1125 flue
1178 1079 1324 1142 potius
1341 1095 1371 1135 Β
1391 1078 1617 1128 Christum
1633 1073 1823 1122 indicare
1836 1074 2008 1127 volens;
2023 1068 2285 1133 dexteraque

438 1155 603 1220 Angell
620 1169 777 1200 manus
809 1151 985 1199 tenebat
1006 1183 1017 1194 ο
1047 1153 1171 1198 Hanc
1190 1144 1326 1193 inssan-
1386 1149 1575 1199 eundem
1596 1148 1749 1195 Virmn
1776 1142 1831 1190 ad
1856 1139 2150 1208 gradiendum
2179 1137 2291 1185 issCI-

439 1243 548 1273 nexa
564 1223 710 1271 tabula
724 1226 845 1270 XVI.
876 1219 1089 1266 delineare
1117 1217 1328 1272 fecimus,

441 1296 541 1343 licet
572 1291 757 1339 minime
784 1290 918 1344 adsit,
960 1307 1062 1336 cum
1091 1288 1206 1334 illius
1229 1288 1328 1333 loco

441 1364 568 1411 ouale
586 1363 783 1410 foramen
805 1374 1003 1426 apertum
1019 1359 1147 1406 fuerit
1161 1389 1175 1412 ,
1194 1355 1247 1402 ad
1264 1356 1329 1402 lu-

443 1435 576 1482 minis
642 1433 884 1479 claritatem
932 1425 1329 1482 introducendam,

442 1502 636 1552 eiusdem
652 1519 823 1549 coronae
851 1501 1042 1549 formam
1056 1498 1182 1545 nobis
1212 1515 1335 1543 com-

442 1574 684 1622 municauit
726 1570 953 1638 quondam
984 1566 1188 1619 Narcisus
1205 1569 1336 1632 Spina

441 1643 720 1697 Mufiuarius,
735 1645 809 1706 qui
839 1655 1074 1704 antequam
1103 1637 1255 1684 eadem
1270 1635 1336 1682 di-

441 1726 655 1766 rueretur,
672 1710 793 1757 illam
809 1709 1043 1756 delineauit
1057 1738 1070 1762 ,
1087 1725 1137 1754 cx
1152 1721 1335 1770 Vtraque

442 1799 601 1833 manus
620 1795 739 1846 parte
754 1778 1165 1838 coronamstriCtam
1181 1792 1335 1824 tenen-

1387 1237 1483 1269 tans
1496 1252 1508 1264 .
1524 1219 1722 1266 Primum
1750 1217 1905 1261 Virum
1923 1217 1971 1262 B.
1989 1211 2177 1258 Paulum
2195 1207 2289 1255 Tu-

1387 1295 1501 1344 nica,
1524 1288 1744 1353 pallioque
1760 1284 1845 1330 albi
1876 1283 2034 1329 coloris
2051 1278 2289 1326 vestiturrb'

1388 1358 1468 1407 effe
1498 1356 1675 1411 iudico,
1705 1352 1944 1400 secundum
1973 1347 2077 1405 vero
2106 1350 2145 1397 S.
2175 1343 2290 1395 Cos-

1393 1447 1516 1476 mam
1533 1459 1549 1484 ,
1576 1427 1654 1492 qui
1673 1426 1817 1471 tunica
1835 1421 2037 1475 subalba,
2066 1418 2293 1484 pallioque

1393 1499 1603 1548 subrubro
1648 1493 1826 1542 indutus
1857 1524 1872 1549 ,
1924 1488 2129 1539 manibus
2162 1502 2290 1533 coro-

1393 1588 1500 1618 nam
1515 1566 1694 1616 floribus
1707 1562 1918 1611 consitam
1938 1558 2110 1627 praefert
2122 1588 2136 1613 ,
2153 1558 2297 1622 quam*

1392 1640 1504 1687 nihil
1520 1635 1639 1684 aliud
1658 1632 1879 1681 ostendere
1898 1645 2010 1697 puto
2025 1659 2040 1684 ,
2071 1626 2152 1674 nifi
2169 1626 2295 1692 panis

1393 1710 1507 1757 illius
1524 1707 1799 1754 oblationem
1816 1735 1830 1759 ,
1847 1718 1984 1770 quam
2001 1694 2130 1747 Prisci
2147 1695 2293 1744 fideles

1392 1782 1441 1827 in
1450 1775 1639 1839 sacrificij
1659 1779 1756 1824 astu
1770 1772 1987 1823 faciebant
2005 1787 2020 1824 3
2051 1785 2151 1834 quae
2168 1765 2298 1829 obla-⁴

443 1854 498 1899 tis
512 1850 739 1899 lemniscus
749 1851 905 1897 volitat
923 1882 934 1892 .
952 1849 1109 1896 Subtus
1122 1858 1378 1902 coronamc
1394 1852 1458 1898 tio
1475 1881 1492 1905 ,
1509 1863 1673 1895 corona
1692 1842 2061 1893 denominabatur
2075 1869 2092 1896 ,
2119 1832 2296 1887 fortaffe

444 1921 684 1971 Saluatoris
712 1919 864 1968 Nostri
898 1924 959 1967 D.
1004 1920 1131 1966 IESV
1169 1914 1329 1964 Christi
1389 1920 1413 1968 a
1432 1920 1593 1966 florum
1608 1933 1797 1970 corona,
1826 1931 1913 1980 qua
1928 1910 2007 1979 ipsi
2024 1909 2170 1959 fideles
2191 1924 2292 1955 eam

443 1991 593 2039 stantis
622 1993 773 2056 imago
805 1992 916 2036 inter
943 1988 1078 2036 nubes
1118 1988 1251 2036 veluti
1276 1985 1330 2033 ad
1391 1980 2002 2051 ornabant-Crura,pedesque
2016 1979 2196 2031 vestitos
2217 1977 2297 2024 ha-

443 2060 603 2108 Coelos
633 2059 841 2108 ascensuri
875 2061 1065 2106 cernitur
1085 2095 1095 2107 .
1140 2056 1335 2104 Christus
1392 2061 1465 2108 bet
1484 2090 1498 2114 ‚
1527 2057 1583 2104 ad
1621 2055 1948 2121 Apostolorum
1966 2048 2300 2103 differentiam,

442 2129 676 2178 dalmatica
692 2131 808 2178 rubri
823 2129 980 2177 coloris
993 2158 1010 2184 ,
1036 2126 1257 2193 pallioque
1276 2126 1337 2172 al-
1396 2132 1473 2195 qui
1489 2142 1663 2176 tantum
1683 2125 1906 2192 gestabant
1917 2120 2111 2171 sandalia
2127 2150 2143 2176 ,
2155 2131 2207 2167 vt
2226 2134 2302 2180 exj

444 2202 491 2249 bi
507 2202 640 2247 etiam
657 2201 814 2248 coloris
828 2231 843 2255 ,
865 2199 1040 2247 vestitus
1057 2197 1115 2246 est
1120 2229 1141 2260 ρ
1156 2199 1202 2243 in
1216 2198 1336 2243 cuius
1399 2198 1624 2266 posuimus
1653 2200 1699 2244 in
1713 2195 1860 2243 nostro
1889 2210 2020 2262 opere
2049 2194 2144 2240 Vet.
2161 2189 2297 2236 Mom

443 2269 569 2336 pallij
587 2268 754 2325 limbo,
783 2267 855 2316 seu
873 2287 947 2315 ora
965 2267 1022 2315 est
1055 2284 1341 2331 monogram-
1401 2285 1537 2335 pam.
1549 2287 1594 2315 ea
1601 2286 1642 2333 p.
1652 2285 1689 2317 2.
1706 2265 1807 2315 Post
1825 2266 1936 2312 hane
1953 2262 2148 2328 sequitur
2167 2258 2297 2306 tertia

444 2357 519 2389 ma
537 2339 578 2386 T
591 2370 605 2393 a
623 2339 851 2387 brachium
864 2340 1081 2386 eleuatum
1099 2368 1112 2391 ³
1130 2336 1248 2402 quasi
1263 2338 1343 2383 in..
1401 2338 1538 2404 figura
1553 2370 1568 2393 ,
1595 2356 1691 2404 quae
1707 2333 1967 2384 Pontificem
1999 2332 2187 2379 Felicem
2208 2329 2297 2375 111.

444 2407 734 2458 benedicendi
770 2412 866 2455 actu
896 2409 1023 2472 erigit
1042 2438 1057 2463 ,
1086 2403 1247 2454 sinistra
1282 2418 1344 2453 te-
1401 2408 1487 2458 siue
1502 2412 1576 2455 IV.
1610 2410 1734 2454 huius
1765 2403 1956 2453 Ecclesiae
1980 2398 2295 2449 fundatorem,

446 2492 524 2526 net
540 2478 754 2525 volumen
770 2508 784 2532 ,
798 2475 1073 2541 sandaliaque
1089 2479 1135 2523 in
1155 2475 1337 2541 pedibus
1394 2478 1606 2543 designat,
1620 2479 1782 2531 tunica,
1800 2472 2028 2539 casulaque
2045 2469 2201 2517 induta
2218 2466 2295 2522 est,

447 2547 583 2613 gestat
599 2580 610 2592 .
640 2551 788 2610 Qare
805 2545 1065 2595 Musiuarius
1076 2546 1159 2593 hoc
1175 2545 1337 2593 emble-
1395 2567 1440 2596 ae
1464 2547 1586 2613 super
1614 2546 1804 2593 casulam
1823 2576 1836 2600 ,
1868 2534 2125 2591 Pontificale
2157 2537 2292 2587 habet

447 2632 565 2666 mate
581 2650 594 2674 ,
611 2616 833 2664 Christum
847 2615 1149 2664 ascendentem
1163 2619 1207 2663 in
1226 2613 1380 2663 Coe-D
1399 2619 1580 2683 pallium
1598 2649 1613 2672 ,
1627 2615 1950 2680 Ecclesiamque
1964 2612 2169 2660 manibus
2185 2614 2296 2673 prae-‘

448 2689 543 2735 lum
563 2718 577 2741 ‚
609 2705 684 2734 nec
704 2703 792 2734 non
810 2686 833 2732 ἃ
852 2685 1054 2753 supremo
1071 2691 1196 2734 Patre
1213 2703 1338 2733 coro-
1399 2688 1481 2736 fert
1498 2720 1510 2743 ,
1530 2706 1626 2753 quae
1641 2685 1912 2736 fundationis
1930 2716 1944 2740 ,
1964 2683 2033 2732 vel
2051 2679 2292 2728 dedicatio-

447 2776 504 2806 na
517 2759 705 2806 victoriae
723 2756 975 2804 redimitum
993 2788 1006 2812 ,
1021 2774 1155 2822 quam
1170 2756 1246 2804 fibi
1265 2773 1339 2823 per
1398 2760 1464 2805 nis
1479 2758 1607 2823 ipsius
1622 2772 1714 2805 met
1744 2755 1935 2802 Ecclesiae
1965 2753 2136 2820 lignum
2152 2746 2226 2803 est,
2242 2761 2293 2796 vt

448 2828 696 2894 pastionem
715 2859 729 2883 ,
748 2836 791 2874 δέ
808 2841 999 2874 mortem
1024 2839 1339 2892 promeruerat,
1396 2829 1550 2875 clarius
1575 2847 1626 2875 ex
1660 2829 1713 2874 ali
1718 2827 1755 2889 js
1786 2826 1998 2874 similibus
2030 2820 2142 2869 infra
2159 2835 2295 2883 expo-

448 2898 638 2945 indicare
654 2899 808 2946 voluit:
821 2897 963 2944 forsan
982 2898 1111 2945 ducto
1137 2898 1340 2963 exemplo
1406 2899 1561 2945 nendis
1575 2898 1720 2964 figuris
1736 2897 1937 2944 elucescet
1955 2928 1968 2939 .
1996 2898 2068 2941 De
2085 2891 2165 2937 hac
2187 2886 2300 2934 ima&

449 2969 503 3016 ab
520 2973 840 3034 Imperatorum
857 2969 1224 3034 triumphantium
1238 2969 1347 3014 ima·
1405 2974 1506 3034 gine
1524 2971 1761 3034 Pompeius
1780 2967 1978 3033 Vgonius
2005 2964 2052 3011 in
2079 2960 2151 3008 sua
2168 2956 2300 3004 histo-

450 3038 623 3101 ginibus
637 3069 651 3092 ,
682 3041 757 3103 qui
773 3037 826 3085 ab
840 3038 951 3084 alata
969 3041 1157 3085 Victoria
1173 3063 1188 3093 5
1205 3039 1345 3087 laurea
1405 3041 1467 3085 ria
1485 3041 1732 3087 Stationum
1751 3035 2032 3085 Ecclefiarum
2047 3031 2180 3081 Vrbis
2194 3043 2296 3074 nar-

449 3124 614 3153 corona
633 3137 648 3161 ,
680 3109 885 3172 praecingi
904 3108 1230 3175 conspiciuntur
1247 3140 1261 3163 ,
1296 3124 1343 3156 vt
1405 3125 1485 3164 rat,
1503 3109 1624 3175 quod
1643 3105 1848 3173 Gregorij
1868 3107 1994 3153 XIII.
2008 3115 2223 3167 temporea
2237 3095 2295 3143 0b

451 3175 661 3241 speffatur
676 3175 815 3222 adhuc
832 3178 900 3223 hic
916 3182 1066 3240 Rome
1085 3181 1131 3226 in
1150 3197 1345 3226 marmo-
1673 3167 1679 3172 ⁷

2158 3309 2234 3356 lati

708 3248 713 3254 ,
745 3248 750 3253 ,
779 3247 784 3253 ἡ
1404 3183 1593 3227 nimiam
1616 3178 1871 3228 vetustatem
1891 3173 2085 3240 iamipsa
2109 3184 2297 3217 euanuc-
2344 3190 2353 3225 3·

452 3265 526 3295 [CO
545 3264 645 3295 arcu
662 3247 884 3304 T¹t¹³¹mes
902 3251 1126 3305 Portum&
1143 3250 1338 3316 Amphi-
1396 3266 1494 3305 rat5
1528 3266 1658 3315 quare
1674 3248 1847 3295 lacunar
1864 3245 1918 3294 ad
1933 3244 2062 3293 instar
2087 3240 2302 3302 vermicu-

2368 1947 2375 2106 ἑ
