2378 3674
205 252 207 254 *
262 265 359 314 176
641 255 687 304 D
725 253 761 303 E
835 254 867 302 S
905 252 952 300 Α
987 251 1026 300 C
1062 251 1107 300 R
1143 249 1171 298 I
1205 251 1238 298 5

447 401 488 447 C
527 400 572 443 A
610 396 642 441 P
682 397 728 442 V
767 391 812 442 T
887 390 1046 441 XLV.

410 539 479 587 De
494 532 673 601 Ecclesia
685 532 731 583 S.
753 531 1060 598 Metrophanis
1071 566 1082 576 .

386 678 554 725 Rimus
581 707 596 729 9
633 674 714 738 qui
747 668 1236 737 constantinopolit&

392 763 519 801 nam,
539 742 959 810 Episcopalemque
979 756 1238 805 occupave-

263 686 353 809 P

1311 248 1380 299 AE
1415 248 1458 296 D
1494 247 1519 296 Ι
1557 207 1595 297 r
1624 247 1652 296 1
1685 252 1723 300 c
1759 251 1788 299 t
1815 252 1844 302 I
1876 255 1911 304 s

1429 390 1472 436 C
1511 389 1558 435 A
1594 386 1628 432 P
1663 390 1713 435 V
1749 385 1795 434 T
1865 386 2105 442 XLVIII.-

1476 526 1546 576 De
1572 492 1754 593 Ecclefia
1778 526 1828 575 S.
1859 525 2082 581 Theodori.

1408 666 1639 716 Cclefiam
1659 667 1777 715 hanc
1807 666 2076 719 τίΚλςιυΝτ
2110 674 2265 737 appel·

1425 738 1569 783 latam
1586 772 1601 793 ,
1633 756 1684 784 ac
1711 757 1736 784 a
1756 740 1805 785 B.
1836 739 2027 787 Helena
2053 738 2262 788 constru-

1293 670 1384 793 fi

260 821 323 866 rit
342 816 543 869 Sedem,
575 814 619 859 S.
647 813 981 879 Metrophanes
1015 809 1238 875 Byzantii
1290 806 1416 854 &am
1448 802 1578 854 fnisse
1597 807 1742 854 tradit
1770 805 2102 877 saepelaudatus
2121 808 2271 858 Codi-

261 884 514 956 Episcopus
530 917 546 939 ,
577 880 809 949 Probique
835 880 1138 947 Imperatoris
1158 895 1236 925 ne-

263 976 344 1026 pos
358 955 476 1003 fuit.
501 953 598 1001 Hic
611 951 725 1000 dum
746 951 968 1017 Byzantii
987 947 1237 1015 Episcopa-

262 1030 356 1076 lem
373 1035 562 1091 regeret
580 1022 850 1071 cathedram
867 1055 883 1077 2
900 1033 954 1068 ut
974 1021 1020 1065 in
1034 1018 1238 1067 Chroni-

263 1116 318 1146 co
334 1091 658 1144 Alexandrino
679 1090 896 1148 habetur,
912 1088 1060 1137 noster
1079 1090 1241 1154 Augu„

262 1168 354 1216 stus
367 1160 830 1229 Constantinopolim
847 1159 1034 1213 Urbem
1048 1156 1242 1205 adifica—

265 1240 356 1293 vit,
374 1228 727 1298 Ecclefiamque
745 1232 862 1278 hanc
883 1227 1143 1278 construxit
1159 1263 1174 1284 ,
1191 1241 1244 1273 ut

267 1306 483 1356 Codinus
499 1320 603 1370 pag.
620 1312 706 1351 62.
720 1298 897 1356 scribit,
912 1316 1010 1365 quae
1033 1294 1242 1346 succeffi-

265 1377 326 1425 v&
343 1395 366 1422 a
387 1372 651 1444 Justiniano
675 1376 966 1437 Imperatore
994 1365 1242 1414 instaurata

265 1447 389 1494 fuit.
425 1447 496 1490 De
520 1460 572 1489 ea
601 1443 781 1488 nullam
812 1440 954 1486 aliam
985 1438 1243 1504 reperimus

270 1514 553 1563 memoriam
572 1547 587 1568 ,
614 1509 723 1558 ideo
755 1506 813 1557 ad
851 1506 1092 1575 sequentes
1126 1507 1243 1554 cala-

257 1602 405 1632 nium
428 1596 757 1631 convertamus
777 1615 788 1626 .

447 1727 489 1773 C
526 1731 572 1769 A
609 1721 642 1768 P
682 1724 730 1769 V
769 1718 814 1767 T
890 1720 1075 1769 XLVL

485 1861 553 1912 De
568 1861 615 1913 S·
634 1862 829 1926 Procopii
844 1858 1037 1927 Templo.

387 2003 711 2070 Rocopianam
728 1999 876 2049 aedem
912 1999 978 2049 -ιῆν
1001 2000 1163 2060 >Gaulum
1185 2000 1251 2047 di-

270 2102 273 2105 ·
411 2074 535 2121 &am
554 2107 569 2128 ‚
585 2070 765 2118 scilicet
783 2088 808 2115 a
834 2071 1025 2137 regione
1046 2105 1061 2126 ,
1092 2072 1136 2117 in
1159 2088 1250 2135 qua

277 2161 380 2192 eam
396 2142 546 2190 noster
563 2145 828 2207 Imperator
842 2137 1103 2187 construxit
1117 2177 1133 2198 ,
1151 2157 1254 2186 nar·

278 2225 350 2260 rat
390 2211 603 2259 iaudatns
628 2208 841 2258 Codinus
871 2227 972 2275 pag.
1006 2224 1084 2268 39.
1116 2212 1256 2259 Hanc

277 2281 475 2330 eandem
492 2280 638 2328 aedem
651 2278 865 2326 laudatus
880 2282 960 2326 Du
985 2283 1144 2348 Gange
1157 2297 1259 2328 cen·-

278 2350 347 2400 set
366 2348 452 2398 esse
488 2352 620 2397 illam
636 2384 652 2405 ,
679 2366 819 2414 quam
836 2351 1097 2398 renovavit
1118 2353 1255 2399 Zeno

282 2420 463 2470 Isaurus
480 2422 744 2486 Imperator
757 2455 766 2464 .

439 2564 481 2610 C
517 2563 563 2607 A
599 2559 633 2605 P
670 2562 717 2608 V
755 2558 800 2605 T
875 2562 1088 2610 XLVII„

494 2699 563 2750 De
581 2695 761 2765 Ecclesta
781 2698 814 2747 S
817 2734 827 2744 .
846 2699 1044 2749 Romani.

439 2843 577 2889 Beata
591 2840 780 2888 Helena
800 2839 916 2886 hanc
933 2834 1186 2887 Ecclesiam
1202 2856 1257 2883 ae·

459 2908 696 2959 dificatam
726 2904 858 2957 fuisse
892 2905 1054 2956 scribit
1086 2908 1259 2953 citatus

283 2979 496 3028 Codinus
510 2997 610 3046 pag.
630 2998 710 3042 49.
725 2977 995 3045 Collapsam
1009 2973 1260 3026 reaedifica-

284 3050 359 3095 vit
373 3047 563 3097 Basilius
576 3047 799 3104 Macedo,
812 3061 864 3095 ut
880 3062 1036 3096 narrat
1049 3047 1259 3113 Porphy-

287 3133 567 3183 rogennetus
597 3120 643 3164 in
679 3119 804 3165 illius
832 3119 947 3166 Vita
964 3136 1063 3184 cap.
1104 3133 1183 3180 54.
1212 3117 1258 3163 Si

289 3188 420 3251 cupis
437 3188 552 3236 scire
570 3224 584 3244 ,
603 3185 813 3254 quisnam
834 3184 915 3236 iste
941 3190 984 3235 S.
1017 3191 1259 3235 Romanus

287 3250 430 3301 fuerit
445 3291 460 3312 ,
487 3258 561 3305 adi
578 3256 819 3305 laudatum
839 3259 919 3304 Du
939 3260 1097 3325 Cange
1113 3292 1123 3301 .

1293 893 1377 923 nus
1391 893 1493 943 pag.
1513 880 1590 932 38.
1607 877 1692 923 Nil
1706 877 1837 925 aliud
1849 877 1909 927 de
1926 895 1978 926 ea
1994 893 2160 945 praeter
2177 896 2273 927 me-

1293 947 1494 993 moriam
1513 943 1743 1014 superest.

1470 1086 1513 1132 C
1550 1088 1598 1133 A
1633 1085 1668 1131 P
1705 1090 1754 1136 v
1781 1087 1855 1158 ΑΤ-
1914 1089 2099 1139 XLIX.

1461 1223 1531 1273 De
1547 1221 1722 1289 Templo
1736 1227 1783 1274 S.
1802 1228 2039 1293 Euphemiae
2056 1234 2103 1278 in

1638 1295 1687 1345 H
1691 1298 1939 1361 ippodromo.

1437 1437 1562 1499 Ujus
1624 1436 1797 1484 Sancta>
1839 1436 2106 1505 Templum
2153 1436 2275 1496 οἱγὶαι

1458 1503 1674 1571 Ἐυφνῗμιαν
1692 1503 1769 1553 τῖιιῗ
1785 1513 1823 1553 ὧν
1844 1505 2277 1576 Ἱπποῶξὸμῳῄὶίὶί-

1298 1589 1374 1624 cet
1388 1577 1435 1623 in
1451 1577 1811 1645 Hippodromo‚
1828 1573 1922 1625 five
1937 1583 2068 1641 juxta
2091 1581 2279 1647 Hippo-

1301 1646 1522 1695 dromum
1537 1647 1784 1695 conditum
1799 1683 1815 1705 ‚
1838 1646 2142 1715 pretiofisque
2160 1667 2280 1696 mar-

1303 1717 1516 1765 moribus
1529 1731 1806 1766 exornatum
1819 1715 1912 1764 fuit
1926 1737 1948 1764 a
1961 1721 2042 1766 Ma
2046 1730 2143 1787 gno·
2155 1722 2280 1768 Con-

1304 1786 1504 1836 stantino
1533 1822 1549 1844 ,
1580 1785 1709 1853 quod
1760 1785 2058 1855 postmodum
2089 1809 2113 1836 a
2154 1791 2281 1838 Con·

1303 1856 1502 1906 stantino
1517 1860 1830 1924 Copronymo
1845 1859 1891 1903 in
1904 1860 2283 1919 Armentarium,

1304 1946 1356 1976 ac
1421 1928 1771 1993 sterquilinium
1800 1928 2105 1976 conversum
2150 1925 2242 1976 fuit
2267 1967 2282 1988 ,

1302 1998 1523 2065 projeciis
1556 1998 1602 2043 in
1630 2013 1759 2045 mare
1803 1997 1979 2046 Samstae
2011 1999 2283 2067 Euphemiae

1305 2069 1543 2134 reliquiis.
1577 2068 1714 2115 Plura
1752 2064 1789 2116 fi
1827 2070 1960 2138 cupis
1982 2103 1999 2125 ‚
2033 2073 2167 2117 adeas
2201 2072 2282 2118 Du

1307 2142 1495 2207 Cange.

1550 2281 1592 2327 C
1628 2280 1676 2325 A
1712 2276 1747 2323 P
1783 2280 1832 2327 V
1869 2277 1914 2326 T
1986 2277 2040 2323 L.

1389 2418 1459 2467 De
1474 2414 1542 2466 M
1542 2416 1754 2466 onas‘Zerio
1770 2416 1951 2467 Gaft'ria
1963 2417 2185 2484 appellatae

1312 2559 1389 2684 S
1410 2560 1434 2605 I
1458 2553 1734 2622 Originibus
1754 2554 2285 2625 Constantinopolitanis

1430 2624 1649 2683 ineditis,
1669 2644 1720 2673 ac
1744 2625 1976 2676 alaudato
2011 2631 2090 2676 Du
2122 2632 2286 2692 Cange

1310 2697 1468 2744 relatis
1497 2695 1609 2744 fides
1635 2693 1692 2743 fit
1720 2693 1982 2745 adhibenda
2011 2734 2027 2755 ,
2055 2695 2287 2746 Monaste-

1312 2769 1437 2814 rium
1454 2769 1541 2814 hoc
1557 2764 1612 2812 ab
1627 2766 1811 2814 Helena
1829 2801 1845 2824 ,
1861 2767 2003 2816 nostri
2024 2770 2284 2835 Imperato-

1309 2839 1370 2884 ris
1400 2849 1550 2884 matre
1567 2871 1584 2892 ,
1603 2835 1916 2886 constructum
1947 2833 2187 2897 afferitur3
2212 2835 2281 2880 ni-

1311 2906 1564 2955 hilominus
1577 2906 1792 2954 nonnulli
1806 2907 1885 2954 alii
1899 2909 2157 2976 Scriptores
2172 2904 2284 2952 alios

1312 2975 1451 3044 ipfius
1481 2974 1758 3023 Monasterii
1804 2975 2138 3027 constructores
2182 2968 2282 3018 affi-
2325 2998 2332 3006 ·

1310 3059 1455 3114 gnant
1470 3080 1486 3101 ,
1504 3045 1584 3110 qui
1603 3046 1755 3093 videri
1771 3043 1955 3113 possunt
1985 3045 2108 3114 apud
2124 3040 2283 3091 lauda-

1312 3130 1415 3165 tum
1435 3117 1514 3163 Du
1535 3117 1695 3183 Gange
1715 3151 1726 3161 .

2162 3319 2287 3369 CA-
