<?xml version="1.0" encoding="UTF-8"?>
<!DOCTYPE html PUBLIC "-//W3C//DTD XHTML 1.0 Transitional//EN"
    "http://www.w3.org/TR/xhtml1/DTD/xhtml1-transitional.dtd">
<html xmlns="http://www.w3.org/1999/xhtml" xml:lang="en" lang="en">
 <head>
  <title>
</title>
<meta http-equiv="Content-Type" content="text/html;charset=utf-8" />
  <meta name='ocr-system' content='tesseract 3.04.00' />
  <meta name='ocr-capabilities' content='ocr_page ocr_carea ocr_par ocr_line ocrx_word'/>
</head>
<body>
  <div class='ocr_page' id='page_1' title='image "./joannisciampinir2thru3ciam_0106.png"; bbox 0 0 2378 3674; ppageno 0'>
   <div class='ocr_carea' id='block_1_1' title="bbox 485 170 1983 249">
    <p class='ocr_par' dir='ltr' id='par_1_1' title="bbox 485 170 1983 249">
     <span class='ocr_line' id='line_1_1' title="bbox 485 170 1983 249; baseline -0.007 -12"><span class='ocrx_word' id='word_1_1' title='bbox 485 192 552 249; x_wconf 75' lang='lat'>36</span> <span class='ocrx_word' id='word_1_2' title='bbox 793 170 1217 232; x_wconf 70' lang='lat' dir='ltr'><em>VETERA</em></span> <span class='ocrx_word' id='word_1_3' title='bbox 1281 173 1983 238; x_wconf 80' lang='lat' dir='ltr'><em>MONIMENTA</em></span> 
     </span>
    </p>
   </div>
   <div class='ocr_carea' id='block_1_2' title="bbox 396 275 2276 1191">
    <p class='ocr_par' dir='ltr' id='par_1_2' title="bbox 396 275 2276 1191">
     <span class='ocr_line' id='line_1_2' title="bbox 405 275 2276 354; baseline -0.001 -19"><span class='ocrx_word' id='word_1_4' title='bbox 405 284 488 338; x_wconf 75' lang='lat' dir='ltr'>ess&#39;e</span> <span class='ocrx_word' id='word_1_5' title='bbox 505 280 680 354; x_wconf 82' lang='lat' dir='ltr'>poffunt</span> <span class='ocrx_word' id='word_1_6' title='bbox 697 315 710 330; x_wconf 91' lang='grc'><strong>.</strong></span> <span class='ocrx_word' id='word_1_7' title='bbox 738 286 911 349; x_wconf 91' lang='lat' dir='ltr'>thote</span> <span class='ocrx_word' id='word_1_8' title='bbox 925 278 1037 331; x_wconf 88' lang='lat' dir='ltr'>illud</span> <span class='ocrx_word' id='word_1_9' title='bbox 1052 279 1173 328; x_wconf 83' lang='lat' dir='ltr'>allati</span> <span class='ocrx_word' id='word_1_10' title='bbox 1186 282 1354 346; x_wconf 69' lang='lat' dir='ltr'>Mer—A</span> <span class='ocrx_word' id='word_1_11' title='bbox 1371 276 1475 327; x_wconf 86' lang='lat' dir='ltr'>dam</span> <span class='ocrx_word' id='word_1_12' title='bbox 1508 275 1796 346; x_wconf 86' lang='lat' dir='ltr'>inscriptione</span> <span class='ocrx_word' id='word_1_13' title='bbox 1823 293 2007 344; x_wconf 85' lang='lat' dir='ltr'>apparet</span> <span class='ocrx_word' id='word_1_14' title='bbox 2026 287 2044 337; x_wconf 80' lang='lat'><em>3</em></span> <span class='ocrx_word' id='word_1_15' title='bbox 2078 297 2180 349; x_wconf 80' lang='lat' dir='ltr'>quae</span> <span class='ocrx_word' id='word_1_16' title='bbox 2195 286 2276 336; x_wconf 54' lang='lat' dir='ltr'>in„</span> 
     </span>
     <span class='ocr_line' id='line_1_3' title="bbox 402 346 2270 424; baseline -0.006 -16"><span class='ocrx_word' id='word_1_17' title='bbox 402 361 511 424; x_wconf 85' lang='lat' dir='ltr'>curij</span> <span class='ocrx_word' id='word_1_18' title='bbox 524 390 540 415; x_wconf 78' lang='lat'>,</span> <span class='ocrx_word' id='word_1_19' title='bbox 555 358 633 424; x_wconf 91' lang='lat' dir='ltr'>qui</span> <span class='ocrx_word' id='word_1_20' title='bbox 649 355 673 403; x_wconf 69' lang='grc' dir='ltr'>εὶ</span> <span class='ocrx_word' id='word_1_21' title='bbox 691 353 856 404; x_wconf 87' lang='lat' dir='ltr'>Graecis</span> <span class='ocrx_word' id='word_1_22' title='bbox 875 351 1079 418; x_wconf 85' lang='lat' dir='ltr'>Angelus</span> <span class='ocrx_word' id='word_1_23' title='bbox 1099 349 1305 401; x_wconf 88' lang='lat' dir='ltr'>denomi-</span> <span class='ocrx_word' id='word_1_24' title='bbox 1364 350 1576 417; x_wconf 84' lang='lat' dir='ltr'>proxima</span> <span class='ocrx_word' id='word_1_25' title='bbox 1590 346 1777 399; x_wconf 85' lang='lat' dir='ltr'>Ecclesia</span> <span class='ocrx_word' id='word_1_26' title='bbox 1791 350 1818 396; x_wconf 91' lang='lat' dir='ltr'>S</span> <span class='ocrx_word' id='word_1_27' title='bbox 1832 351 1873 395; x_wconf 82' lang='lat' dir='ltr'>S·</span> <span class='ocrx_word' id='word_1_28' title='bbox 1887 351 2013 399; x_wconf 87' lang='lat' dir='ltr'>Lucae</span> <span class='ocrx_word' id='word_1_29' title='bbox 2031 381 2048 408; x_wconf 68' lang='lat'>2</span> <span class='ocrx_word' id='word_1_30' title='bbox 2078 361 2127 401; x_wconf 83' lang='lat'>&amp;</span> <span class='ocrx_word' id='word_1_31' title='bbox 2144 358 2270 405; x_wconf 77' lang='lat' dir='ltr'>Mar-</span> 
     </span>
     <span class='ocr_line' id='line_1_4' title="bbox 403 417 2270 492; baseline -0.002 -16"><span class='ocrx_word' id='word_1_32' title='bbox 403 428 596 480; x_wconf 88' lang='lat' dir='ltr'>nabatur</span> <span class='ocrx_word' id='word_1_33' title='bbox 615 458 632 484; x_wconf 86' lang='lat'>,</span> <span class='ocrx_word' id='word_1_34' title='bbox 650 427 773 473; x_wconf 92' lang='lat' dir='ltr'>Diuo</span> <span class='ocrx_word' id='word_1_35' title='bbox 793 423 1005 473; x_wconf 88' lang='lat' dir='ltr'>Michaeli</span> <span class='ocrx_word' id='word_1_36' title='bbox 1020 421 1307 490; x_wconf 81' lang='lat' dir='ltr'>Archangelo</span> <span class='ocrx_word' id='word_1_37' title='bbox 1365 423 1467 471; x_wconf 85' lang='lat' dir='ltr'>tinae</span> <span class='ocrx_word' id='word_1_38' title='bbox 1481 419 1541 469; x_wconf 90' lang='lat' dir='ltr'>est</span> <span class='ocrx_word' id='word_1_39' title='bbox 1556 452 1572 478; x_wconf 86' lang='lat'>,</span> <span class='ocrx_word' id='word_1_40' title='bbox 1600 437 1739 488; x_wconf 84' lang='lat' dir='ltr'>quam</span> <span class='ocrx_word' id='word_1_41' title='bbox 1756 417 1887 468; x_wconf 86' lang='lat' dir='ltr'><strong>refert</strong></span> <span class='ocrx_word' id='word_1_42' title='bbox 1901 419 2139 489; x_wconf 87' lang='lat' dir='ltr'>Torrigius</span> <span class='ocrx_word' id='word_1_43' title='bbox 2165 443 2270 492; x_wconf 85' lang='lat' dir='ltr'>pag.</span> 
     </span>
     <span class='ocr_line' id='line_1_5' title="bbox 401 491 2263 561; baseline -0.005 -14"><span class='ocrx_word' id='word_1_44' title='bbox 401 499 620 561; x_wconf 84' lang='lat' dir='ltr'>dicarunt.</span> <span class='ocrx_word' id='word_1_45' title='bbox 636 494 753 545; x_wconf 90' lang='lat' dir='ltr'>Illud</span> <span class='ocrx_word' id='word_1_46' title='bbox 769 497 1023 545; x_wconf 81' lang='lat' dir='ltr'>Carmentae</span> <span class='ocrx_word' id='word_1_47' title='bbox 1043 495 1304 544; x_wconf 83' lang='lat' dir='ltr'>Latinarum</span> <span class='ocrx_word' id='word_1_48' title='bbox 1368 508 1388 542; x_wconf 85' lang='lat'><strong>1</strong></span> <span class='ocrx_word' id='word_1_49' title='bbox 1402 508 1476 548; x_wconf 86' lang='lat'>19.</span> <span class='ocrx_word' id='word_1_50' title='bbox 1493 508 1587 539; x_wconf 90' lang='lat' dir='ltr'>non</span> <span class='ocrx_word' id='word_1_51' title='bbox 1617 492 1724 558; x_wconf 85' lang='lat' dir='ltr'>quia</span> <span class='ocrx_word' id='word_1_52' title='bbox 1753 491 1844 538; x_wconf 92' lang='lat' dir='ltr'>eius</span> <span class='ocrx_word' id='word_1_53' title='bbox 1871 492 2056 556; x_wconf 80' lang='lat' dir='ltr'>parietes</span> <span class='ocrx_word' id='word_1_54' title='bbox 2085 495 2263 543; x_wconf 83' lang='lat' dir='ltr'>consta.</span> 
     </span>
     <span class='ocr_line' id='line_1_6' title="bbox 400 559 2269 632; baseline -0.004 -14"><span class='ocrx_word' id='word_1_55' title='bbox 400 570 640 619; x_wconf 87' lang='lat' dir='ltr'>literarum</span> <span class='ocrx_word' id='word_1_56' title='bbox 668 567 907 616; x_wconf 89' lang='lat' dir='ltr'>Inventrici</span> <span class='ocrx_word' id='word_1_57' title='bbox 922 597 937 623; x_wconf 83' lang='lat'>‚</span> <span class='ocrx_word' id='word_1_58' title='bbox 970 566 1166 632; x_wconf 80' lang='lat' dir='ltr'>Sapienti</span> <span class='ocrx_word' id='word_1_59' title='bbox 1198 569 1300 615; x_wconf 87' lang='lat' dir='ltr'>Vir·</span> <span class='ocrx_word' id='word_1_60' title='bbox 1359 579 1457 615; x_wconf 87' lang='lat' dir='ltr'>rent</span> <span class='ocrx_word' id='word_1_61' title='bbox 1471 581 1524 611; x_wconf 90' lang='lat' dir='ltr'>ex</span> <span class='ocrx_word' id='word_1_62' title='bbox 1539 561 1683 612; x_wconf 82' lang='lat' dir='ltr'>siliceo</span> <span class='ocrx_word' id='word_1_63' title='bbox 1699 559 1847 626; x_wconf 87' lang='lat' dir='ltr'>lapide</span> <span class='ocrx_word' id='word_1_64' title='bbox 1857 590 1872 616; x_wconf 90' lang='lat'>,</span> <span class='ocrx_word' id='word_1_65' title='bbox 1883 577 1986 608; x_wconf 90' lang='lat' dir='ltr'>cum</span> <span class='ocrx_word' id='word_1_66' title='bbox 2001 560 2086 610; x_wconf 85' lang='lat' dir='ltr'>fint</span> <span class='ocrx_word' id='word_1_67' title='bbox 2100 581 2154 613; x_wconf 87' lang='lat' dir='ltr'>ex</span> <span class='ocrx_word' id='word_1_68' title='bbox 2168 568 2269 614; x_wconf 88' lang='lat' dir='ltr'>Ga.</span> 
     </span>
     <span class='ocr_line' id='line_1_7' title="bbox 399 630 2266 705; baseline -0.002 -20"><span class='ocrx_word' id='word_1_69' title='bbox 399 640 496 705; x_wconf 81' lang='lat' dir='ltr'>giiii</span> <span class='ocrx_word' id='word_1_70' title='bbox 510 637 761 687; x_wconf 86' lang='lat' dir='ltr'>Catherinae</span> <span class='ocrx_word' id='word_1_71' title='bbox 779 671 793 684; x_wconf 89' lang='lat'><strong>.</strong></span> <span class='ocrx_word' id='word_1_72' title='bbox 807 635 945 687; x_wconf 86' lang='lat' dir='ltr'>Aliud</span> <span class='ocrx_word' id='word_1_73' title='bbox 961 639 1145 693; x_wconf 77' lang='lat' dir='ltr'>Dianae,</span> <span class='ocrx_word' id='word_1_74' title='bbox 1159 653 1298 704; x_wconf 87' lang='lat' dir='ltr'>quam</span> <span class='ocrx_word' id='word_1_75' title='bbox 1359 635 1468 685; x_wconf 87' lang='lat' dir='ltr'>bino</span> <span class='ocrx_word' id='word_1_76' title='bbox 1482 666 1497 691; x_wconf 87' lang='lat'>,</span> <span class='ocrx_word' id='word_1_77' title='bbox 1512 651 1561 682; x_wconf 90' lang='lat' dir='ltr'>ac</span> <span class='ocrx_word' id='word_1_78' title='bbox 1575 636 1689 683; x_wconf 86' lang='lat' dir='ltr'>inter</span> <span class='ocrx_word' id='word_1_79' title='bbox 1706 630 1905 698; x_wconf 83' lang='lat' dir='ltr'>lapidem</span> <span class='ocrx_word' id='word_1_80' title='bbox 1922 632 2157 682; x_wconf 87' lang='lat' dir='ltr'>Gabinum</span> <span class='ocrx_word' id='word_1_81' title='bbox 2171 665 2187 692; x_wconf 85' lang='lat'>,</span> <span class='ocrx_word' id='word_1_82' title='bbox 2215 644 2266 685; x_wconf 75' lang='grc' dir='ltr'>δε</span> 
     </span>
     <span class='ocr_line' id='line_1_8' title="bbox 403 699 2265 774; baseline -0.003 -16"><span class='ocrx_word' id='word_1_83' title='bbox 403 708 584 758; x_wconf 88' lang='lat' dir='ltr'>Ethnici</span> <span class='ocrx_word' id='word_1_84' title='bbox 601 710 834 774; x_wconf 88' lang='lat' dir='ltr'>Virginem</span> <span class='ocrx_word' id='word_1_85' title='bbox 851 705 1071 757; x_wconf 87' lang='lat' dir='ltr'>credidere</span> <span class='ocrx_word' id='word_1_86' title='bbox 1085 739 1100 765; x_wconf 82' lang='lat'>‚</span> <span class='ocrx_word' id='word_1_87' title='bbox 1112 707 1298 755; x_wconf 84' lang='lat' dir='ltr'>castiffi-</span> <span class='ocrx_word' id='word_1_88' title='bbox 1355 707 1518 757; x_wconf 88' lang='lat' dir='ltr'>silicem</span> <span class='ocrx_word' id='word_1_89' title='bbox 1546 721 1712 771; x_wconf 88' lang='lat' dir='ltr'>magna</span> <span class='ocrx_word' id='word_1_90' title='bbox 1724 699 1970 750; x_wconf 87' lang='lat' dir='ltr'>intercedat</span> <span class='ocrx_word' id='word_1_91' title='bbox 1984 702 2230 753; x_wconf 88' lang='lat' dir='ltr'>differentia</span> <span class='ocrx_word' id='word_1_92' title='bbox 2247 723 2265 763; x_wconf 89' lang='lat'>;</span> 
     </span>
     <span class='ocr_line' id='line_1_9' title="bbox 396 771 2270 848; baseline -0.001 -24"><span class='ocrx_word' id='word_1_93' title='bbox 396 795 484 828; x_wconf 76' lang='lat' dir='ltr'>‚mo</span> <span class='ocrx_word' id='word_1_94' title='bbox 498 781 660 827; x_wconf 87' lang='lat' dir='ltr'>Ioanni</span> <span class='ocrx_word' id='word_1_95' title='bbox 678 779 1046 848; x_wconf 65' lang='lat' dir='ltr'>EuangelisteAc</span> <span class='ocrx_word' id='word_1_96' title='bbox 1065 779 1298 828; x_wconf 69' lang='lat' dir='ltr'>ommitte-</span> <span class='ocrx_word' id='word_1_97' title='bbox 1358 792 1405 827; x_wconf 85' lang='lat' dir='ltr'>at</span> <span class='ocrx_word' id='word_1_98' title='bbox 1431 776 1722 824; x_wconf 84' lang='lat' dir='ltr'>denominata</span> <span class='ocrx_word' id='word_1_99' title='bbox 1755 774 1840 823; x_wconf 88' lang='lat' dir='ltr'>fuit</span> <span class='ocrx_word' id='word_1_100' title='bbox 1874 773 1923 821; x_wconf 87' lang='lat' dir='ltr'>in</span> <span class='ocrx_word' id='word_1_101' title='bbox 1949 771 2093 831; x_wconf 86' lang='lat' dir='ltr'>filice,</span> <span class='ocrx_word' id='word_1_102' title='bbox 2123 777 2270 842; x_wconf 57' lang='lat' dir='ltr'>quia„</span> 
     </span>
     <span class='ocr_line' id='line_1_10' title="bbox 398 842 2270 916; baseline -0.003 -18"><span class='ocrx_word' id='word_1_103' title='bbox 398 849 465 898; x_wconf 86' lang='lat' dir='ltr'>do</span> <span class='ocrx_word' id='word_1_104' title='bbox 478 851 713 898; x_wconf 82' lang='lat' dir='ltr'>innumera</span> <span class='ocrx_word' id='word_1_105' title='bbox 727 850 811 897; x_wconf 87' lang='lat' dir='ltr'>alia</span> <span class='ocrx_word' id='word_1_106' title='bbox 826 849 1145 914; x_wconf 80' lang='lat' dir='ltr'>exempla‚quae</span> <span class='ocrx_word' id='word_1_107' title='bbox 1158 845 1301 895; x_wconf 86' lang='lat' dir='ltr'>afferri</span> <span class='ocrx_word' id='word_1_108' title='bbox 1359 865 1499 916; x_wconf 87' lang='lat' dir='ltr'>prope</span> <span class='ocrx_word' id='word_1_109' title='bbox 1516 863 1614 894; x_wconf 86' lang='lat' dir='ltr'>eam</span> <span class='ocrx_word' id='word_1_110' title='bbox 1632 846 1768 894; x_wconf 83' lang='lat' dir='ltr'>altera</span> <span class='ocrx_word' id='word_1_111' title='bbox 1786 842 1938 891; x_wconf 85' lang='lat' dir='ltr'>aderat</span> <span class='ocrx_word' id='word_1_112' title='bbox 1967 844 2154 892; x_wconf 88' lang='lat' dir='ltr'>Ecclesia</span> <span class='ocrx_word' id='word_1_113' title='bbox 2187 848 2270 893; x_wconf 84' lang='lat' dir='ltr'>in..</span> 
     </span>
     <span class='ocr_line' id='line_1_11' title="bbox 399 913 2272 985; baseline -0.001 -20"><span class='ocrx_word' id='word_1_114' title='bbox 399 917 578 985; x_wconf 82' lang='lat' dir='ltr'>poffunt</span> <span class='ocrx_word' id='word_1_115' title='bbox 593 956 605 969; x_wconf 91' lang='lat'><strong>.</strong></span> <span class='ocrx_word' id='word_1_116' title='bbox 629 923 808 967; x_wconf 60' lang='lat' dir='ltr'>Sanetus</span> <span class='ocrx_word' id='word_1_117' title='bbox 853 919 974 967; x_wconf 81' lang='lat' dir='ltr'>Felix</span> <span class='ocrx_word' id='word_1_118' title='bbox 994 916 1114 983; x_wconf 74' lang='lat' dir='ltr'>Pa&#39;pa</span> <span class='ocrx_word' id='word_1_119' title='bbox 1130 947 1146 974; x_wconf 87' lang='lat'>,</span> <span class='ocrx_word' id='word_1_120' title='bbox 1171 917 1300 965; x_wconf 82' lang='lat' dir='ltr'>liuius</span> <span class='ocrx_word' id='word_1_121' title='bbox 1358 920 1577 966; x_wconf 85' lang='lat' dir='ltr'>honorem</span> <span class='ocrx_word' id='word_1_122' title='bbox 1608 917 1676 962; x_wconf 84' lang='lat' dir='ltr'>SS.</span> <span class='ocrx_word' id='word_1_123' title='bbox 1695 913 2022 980; x_wconf 87' lang='lat' dir='ltr'>Apostolorum</span> <span class='ocrx_word' id='word_1_124' title='bbox 2040 915 2191 970; x_wconf 81' lang='lat' dir='ltr'>Petri,</span> <span class='ocrx_word' id='word_1_125' title='bbox 2223 921 2272 964; x_wconf 68' lang='grc' dir='ltr'>ὃς</span> 
     </span>
     <span class='ocr_line' id='line_1_12' title="bbox 399 982 2268 1050; baseline -0.003 -13"><span class='ocrx_word' id='word_1_126' title='bbox 399 989 598 1037; x_wconf 87' lang='lat' dir='ltr'>nominis</span> <span class='ocrx_word' id='word_1_127' title='bbox 638 990 719 1036; x_wconf 91' lang='lat' dir='ltr'><strong>III.</strong></span> <span class='ocrx_word' id='word_1_128' title='bbox 750 1004 800 1035; x_wconf 84' lang='lat' dir='ltr'>ao</span> <span class='ocrx_word' id='word_1_129' title='bbox 829 1001 879 1036; x_wconf 93' lang='lat' dir='ltr'>vt</span> <span class='ocrx_word' id='word_1_130' title='bbox 893 1018 910 1045; x_wconf 91' lang='lat'>‚</span> <span class='ocrx_word' id='word_1_131' title='bbox 924 988 980 1035; x_wconf 90' lang='lat' dir='ltr'>ali</span> <span class='ocrx_word' id='word_1_132' title='bbox 983 1004 1000 1049; x_wconf 83' lang='lat' dir='ltr'>J</span> <span class='ocrx_word' id='word_1_133' title='bbox 1018 987 1178 1035; x_wconf 89' lang='lat' dir='ltr'>volunt</span> <span class='ocrx_word' id='word_1_134' title='bbox 1194 1019 1211 1044; x_wconf 83' lang='lat'>,</span> <span class='ocrx_word' id='word_1_135' title='bbox 1225 990 1298 1034; x_wconf 89' lang='lat' dir='ltr'>IV.</span> <span class='ocrx_word' id='word_1_136' title='bbox 1363 988 1491 1037; x_wconf 89' lang='lat' dir='ltr'>Pauli</span> <span class='ocrx_word' id='word_1_137' title='bbox 1509 984 1656 1032; x_wconf 85' lang='lat' dir='ltr'>dicata</span> <span class='ocrx_word' id='word_1_138' title='bbox 1674 1001 1688 1040; x_wconf 82' lang='lat'>3</span> <span class='ocrx_word' id='word_1_139' title='bbox 1718 1002 1859 1050; x_wconf 61' lang='lat' dir='ltr'>qua‘n</span> <span class='ocrx_word' id='word_1_140' title='bbox 1894 982 2268 1032; x_wconf 85' lang='lat' dir='ltr'>Bibliotliecarius</span> 
     </span>
     <span class='ocr_line' id='line_1_13' title="bbox 402 1051 2269 1108; baseline -0.004 -1"><span class='ocrx_word' id='word_1_141' title='bbox 402 1056 645 1107; x_wconf 89' lang='lat' dir='ltr'>intendens</span> <span class='ocrx_word' id='word_1_142' title='bbox 662 1058 775 1105; x_wconf 88' lang='lat' dir='ltr'>hanc</span> <span class='ocrx_word' id='word_1_143' title='bbox 787 1057 1039 1106; x_wconf 88' lang='lat' dir='ltr'>consecrare</span> <span class='ocrx_word' id='word_1_144' title='bbox 1064 1056 1346 1108; x_wconf 83' lang='lat' dir='ltr'>EcclesiamB</span> <span class='ocrx_word' id='word_1_145' title='bbox 1360 1061 1407 1106; x_wconf 89' lang='lat' dir='ltr'>in</span> <span class='ocrx_word' id='word_1_146' title='bbox 1423 1058 1517 1106; x_wconf 84' lang='lat' dir='ltr'>vita</span> <span class='ocrx_word' id='word_1_147' title='bbox 1533 1057 1574 1102; x_wconf 81' lang='lat' dir='ltr'>S·</span> <span class='ocrx_word' id='word_1_148' title='bbox 1594 1054 1721 1102; x_wconf 87' lang='lat' dir='ltr'>Pauli</span> <span class='ocrx_word' id='word_1_149' title='bbox 1737 1058 1784 1102; x_wconf 86' lang='lat' dir='ltr'>in</span> <span class='ocrx_word' id='word_1_150' title='bbox 1802 1057 1874 1103; x_wconf 87' lang='lat' dir='ltr'>via</span> <span class='ocrx_word' id='word_1_151' title='bbox 1887 1053 2006 1102; x_wconf 85' lang='lat' dir='ltr'>sacra</span> <span class='ocrx_word' id='word_1_152' title='bbox 2023 1051 2146 1102; x_wconf 81' lang='lat' dir='ltr'>fuiffe</span> <span class='ocrx_word' id='word_1_153' title='bbox 2165 1052 2269 1101; x_wconf 90' lang='lat' dir='ltr'>scri-</span> 
     </span>
     <span class='ocr_line' id='line_1_14' title="bbox 397 1122 2267 1191; baseline -0.002 -14"><span class='ocrx_word' id='word_1_154' title='bbox 397 1129 515 1177; x_wconf 85' lang='lat' dir='ltr'>olim</span> <span class='ocrx_word' id='word_1_155' title='bbox 535 1129 744 1176; x_wconf 86' lang='lat' dir='ltr'>Geminis</span> <span class='ocrx_word' id='word_1_156' title='bbox 760 1127 967 1177; x_wconf 85' lang='lat' dir='ltr'>fratribus</span> <span class='ocrx_word' id='word_1_157' title='bbox 988 1127 1193 1175; x_wconf 89' lang='lat' dir='ltr'>Romulo</span> <span class='ocrx_word' id='word_1_158' title='bbox 1209 1157 1224 1184; x_wconf 82' lang='lat'>,</span> <span class='ocrx_word' id='word_1_159' title='bbox 1253 1134 1300 1174; x_wconf 87' lang='lat'>&amp;</span> <span class='ocrx_word' id='word_1_160' title='bbox 1359 1128 1498 1176; x_wconf 75' lang='lat' dir='ltr'>bit-In</span> <span class='ocrx_word' id='word_1_161' title='bbox 1516 1122 1609 1191; x_wconf 87' lang='lat' dir='ltr'>ipsa</span> <span class='ocrx_word' id='word_1_162' title='bbox 1630 1125 1750 1172; x_wconf 88' lang='lat' dir='ltr'>enim</span> <span class='ocrx_word' id='word_1_163' title='bbox 1770 1124 2082 1190; x_wconf 85' lang='lat' dir='ltr'>Ecclefialapis</span> <span class='ocrx_word' id='word_1_164' title='bbox 2099 1123 2267 1173; x_wconf 75' lang='lat' dir='ltr'>siliceus</span> 
     </span>
    </p>
   </div>
   <div class='ocr_carea' id='block_1_3' title="bbox 397 1194 1298 1732">
    <p class='ocr_par' dir='ltr' id='par_1_3' title="bbox 397 1194 1298 1732">
     <span class='ocr_line' id='line_1_15' title="bbox 398 1194 1298 1255; baseline -0.007 -8"><span class='ocrx_word' id='word_1_165' title='bbox 398 1202 470 1247; x_wconf 88' lang='lat' dir='ltr'>Re</span> <span class='ocrx_word' id='word_1_166' title='bbox 482 1216 590 1255; x_wconf 77' lang='lat' dir='ltr'>me,</span> <span class='ocrx_word' id='word_1_167' title='bbox 615 1197 701 1246; x_wconf 88' lang='lat' dir='ltr'>siue</span> <span class='ocrx_word' id='word_1_168' title='bbox 719 1198 923 1251; x_wconf 82' lang='lat' dir='ltr'>Castori,</span> <span class='ocrx_word' id='word_1_169' title='bbox 951 1204 999 1241; x_wconf 87' lang='lat'>&amp;</span> <span class='ocrx_word' id='word_1_170' title='bbox 1024 1194 1196 1242; x_wconf 86' lang='lat' dir='ltr'>Polluci</span> <span class='ocrx_word' id='word_1_171' title='bbox 1228 1194 1298 1242; x_wconf 88' lang='lat' dir='ltr'>di-</span> 
     </span>
     <span class='ocr_line' id='line_1_16' title="bbox 401 1263 1296 1332; baseline -0.007 -17"><span class='ocrx_word' id='word_1_172' title='bbox 401 1283 569 1322; x_wconf 80' lang='lat' dir='ltr'>catam,</span> <span class='ocrx_word' id='word_1_173' title='bbox 583 1269 696 1312; x_wconf 86' lang='lat' dir='ltr'>inter</span> <span class='ocrx_word' id='word_1_174' title='bbox 712 1267 974 1332; x_wconf 84' lang='lat' dir='ltr'>Martyrum</span> <span class='ocrx_word' id='word_1_175' title='bbox 989 1276 1131 1325; x_wconf 83' lang='lat' dir='ltr'>coetus</span> <span class='ocrx_word' id='word_1_176' title='bbox 1149 1293 1163 1317; x_wconf 86' lang='lat'>‚</span> <span class='ocrx_word' id='word_1_177' title='bbox 1181 1263 1296 1310; x_wconf 84' lang='lat' dir='ltr'>alios</span> 
     </span>
     <span class='ocr_line' id='line_1_17' title="bbox 401 1329 1298 1400; baseline -0.01 -14"><span class='ocrx_word' id='word_1_178' title='bbox 401 1335 554 1400; x_wconf 80' lang='lat' dir='ltr'>selegit</span> <span class='ocrx_word' id='word_1_179' title='bbox 569 1336 774 1400; x_wconf 87' lang='lat' dir='ltr'>geminos</span> <span class='ocrx_word' id='word_1_180' title='bbox 785 1335 956 1389; x_wconf 84' lang='lat' dir='ltr'>fratres,</span> <span class='ocrx_word' id='word_1_181' title='bbox 974 1348 1068 1379; x_wconf 89' lang='lat' dir='ltr'>non</span> <span class='ocrx_word' id='word_1_182' title='bbox 1084 1329 1298 1379; x_wconf 71' lang='lat' dir='ltr'>solum-in</span> 
     </span>
     <span class='ocr_line' id='line_1_18' title="bbox 399 1403 1296 1471; baseline -0.011 -15"><span class='ocrx_word' id='word_1_183' title='bbox 399 1423 495 1457; x_wconf 86' lang='lat' dir='ltr'>vno</span> <span class='ocrx_word' id='word_1_184' title='bbox 514 1419 641 1471; x_wconf 90' lang='lat' dir='ltr'>partu</span> <span class='ocrx_word' id='word_1_185' title='bbox 663 1407 709 1451; x_wconf 89' lang='lat' dir='ltr'>in</span> <span class='ocrx_word' id='word_1_186' title='bbox 731 1404 811 1453; x_wconf 85' lang='lat' dir='ltr'>hac</span> <span class='ocrx_word' id='word_1_187' title='bbox 830 1404 1008 1452; x_wconf 83' lang='lat' dir='ltr'>mortali</span> <span class='ocrx_word' id='word_1_188' title='bbox 1026 1403 1118 1451; x_wconf 87' lang='lat' dir='ltr'>vita</span> <span class='ocrx_word' id='word_1_189' title='bbox 1135 1414 1296 1456; x_wconf 81' lang='lat' dir='ltr'>natos;</span> 
     </span>
     <span class='ocr_line' id='line_1_19' title="bbox 397 1470 1298 1540; baseline -0.006 -17"><span class='ocrx_word' id='word_1_190' title='bbox 397 1474 472 1525; x_wconf 86' lang='lat' dir='ltr'>sed</span> <span class='ocrx_word' id='word_1_191' title='bbox 488 1479 621 1523; x_wconf 81' lang='lat' dir='ltr'>etiam</span> <span class='ocrx_word' id='word_1_192' title='bbox 635 1473 764 1522; x_wconf 87' lang='lat' dir='ltr'>fimul</span> <span class='ocrx_word' id='word_1_193' title='bbox 778 1491 880 1521; x_wconf 88' lang='lat' dir='ltr'>cum</span> <span class='ocrx_word' id='word_1_194' title='bbox 894 1474 1118 1540; x_wconf 81' lang='lat' dir='ltr'>Martyrio</span> <span class='ocrx_word' id='word_1_195' title='bbox 1128 1470 1298 1519; x_wconf 82' lang='lat' dir='ltr'>adCoe-</span> 
     </span>
     <span class='ocr_line' id='line_1_20' title="bbox 398 1539 1298 1594; baseline -0.007 0"><span class='ocrx_word' id='word_1_196' title='bbox 398 1545 554 1594; x_wconf 69' lang='lat' dir='ltr'>{estem</span> <span class='ocrx_word' id='word_1_197' title='bbox 569 1545 712 1592; x_wconf 86' lang='lat' dir='ltr'>lucem</span> <span class='ocrx_word' id='word_1_198' title='bbox 734 1557 907 1592; x_wconf 87' lang='lat' dir='ltr'>renatos</span> <span class='ocrx_word' id='word_1_199' title='bbox 922 1576 933 1587; x_wconf 93' lang='lat'><strong>.</strong></span> <span class='ocrx_word' id='word_1_200' title='bbox 955 1547 1024 1590; x_wconf 90' lang='lat' dir='ltr'>De</span> <span class='ocrx_word' id='word_1_201' title='bbox 1042 1539 1298 1588; x_wconf 79' lang='lat' dir='ltr'>huiusmodi</span> 
     </span>
     <span class='ocr_line' id='line_1_21' title="bbox 399 1609 1298 1662; baseline -0.008 -1"><span class='ocrx_word' id='word_1_202' title='bbox 399 1615 598 1662; x_wconf 66' lang='lat' dir='ltr'>Ecclesiae</span> <span class='ocrx_word' id='word_1_203' title='bbox 626 1612 902 1659; x_wconf 84' lang='lat' dir='ltr'>dedicatione</span> <span class='ocrx_word' id='word_1_204' title='bbox 926 1611 982 1661; x_wconf 82' lang='lat' dir='ltr'>ab</span> <span class='ocrx_word' id='word_1_205' title='bbox 1001 1609 1160 1657; x_wconf 86' lang='lat' dir='ltr'>eodem</span> <span class='ocrx_word' id='word_1_206' title='bbox 1177 1613 1298 1656; x_wconf 90' lang='lat' dir='ltr'>Pon-</span> 
     </span>
     <span class='ocr_line' id='line_1_22' title="bbox 398 1676 1296 1732; baseline -0.008 -2"><span class='ocrx_word' id='word_1_207' title='bbox 398 1682 510 1732; x_wconf 87' lang='lat' dir='ltr'>tifice</span> <span class='ocrx_word' id='word_1_208' title='bbox 550 1683 662 1728; x_wconf 58' lang='lat' dir='ltr'>faeta</span> <span class='ocrx_word' id='word_1_209' title='bbox 695 1682 901 1725; x_wconf 86' lang='lat' dir='ltr'>meminit</span> <span class='ocrx_word' id='word_1_210' title='bbox 928 1676 1296 1726; x_wconf 85' lang='lat' dir='ltr'>Bibliothecarius</span> 
     </span>
    </p>
   </div>
   <div class='ocr_carea' id='block_1_4' title="bbox 396 1747 1294 1814">
    <p class='ocr_par' dir='ltr' id='par_1_4' title="bbox 396 1747 1294 1814">
     <span class='ocr_line' id='line_1_23' title="bbox 396 1747 1294 1814; baseline -0.001 -16"><span class='ocrx_word' id='word_1_211' title='bbox 396 1754 445 1801; x_wconf 89' lang='lat' dir='ltr'>in</span> <span class='ocrx_word' id='word_1_212' title='bbox 464 1752 579 1797; x_wconf 83' lang='lat' dir='ltr'>iilius</span> <span class='ocrx_word' id='word_1_213' title='bbox 595 1751 684 1797; x_wconf 85' lang='lat' dir='ltr'>vita</span> <span class='ocrx_word' id='word_1_214' title='bbox 703 1782 714 1793; x_wconf 90' lang='lat'>.</span> <span class='ocrx_word' id='word_1_215' title='bbox 743 1750 918 1812; x_wconf 82' lang='lat' dir='ltr'>Nempe</span> <span class='ocrx_word' id='word_1_216' title='bbox 933 1747 1113 1813; x_wconf 74' lang='lat' dir='ltr'>hicftcit</span> <span class='ocrx_word' id='word_1_217' title='bbox 1128 1750 1294 1814; x_wconf 61' lang='lat' dir='ltr'>Basili-</span> 
     </span>
    </p>
   </div>
   <div class='ocr_carea' id='block_1_5' title="bbox 1354 1192 2273 1815">
    <p class='ocr_par' dir='ltr' id='par_1_5' title="bbox 1354 1192 2273 1815">
     <span class='ocr_line' id='line_1_24' title="bbox 1356 1192 2267 1258; baseline -0.002 -14"><span class='ocrx_word' id='word_1_218' title='bbox 1356 1211 1450 1245; x_wconf 87' lang='lat' dir='ltr'>erat</span> <span class='ocrx_word' id='word_1_219' title='bbox 1464 1228 1481 1249; x_wconf 86' lang='lat'>,</span> <span class='ocrx_word' id='word_1_220' title='bbox 1512 1210 1559 1241; x_wconf 86' lang='lat' dir='ltr'>in</span> <span class='ocrx_word' id='word_1_221' title='bbox 1572 1212 1664 1257; x_wconf 90' lang='lat' dir='ltr'>quo</span> <span class='ocrx_word' id='word_1_222' title='bbox 1685 1192 1885 1255; x_wconf 88' lang='lat' dir='ltr'>ipsorum</span> <span class='ocrx_word' id='word_1_223' title='bbox 1901 1193 2267 1258; x_wconf 61' lang='lat' dir='ltr'>Apostolorum</span> 
     </span>
     <span class='ocr_line' id='line_1_25' title="bbox 1355 1258 2268 1327; baseline -0.002 -17"><span class='ocrx_word' id='word_1_224' title='bbox 1355 1279 1501 1327; x_wconf 84' lang='lat' dir='ltr'>genua</span> <span class='ocrx_word' id='word_1_225' title='bbox 1529 1258 1734 1327; x_wconf 84' lang='lat' dir='ltr'>impreffa</span> <span class='ocrx_word' id='word_1_226' title='bbox 1765 1262 2041 1327; x_wconf 79' lang='lat' dir='ltr'>apparebant</span> <span class='ocrx_word' id='word_1_227' title='bbox 2057 1264 2105 1307; x_wconf 90' lang='lat' dir='ltr'>in</span> <span class='ocrx_word' id='word_1_228' title='bbox 2122 1278 2268 1326; x_wconf 89' lang='lat' dir='ltr'>genu-</span> 
     </span>
     <span class='ocr_line' id='line_1_26' title="bbox 1357 1329 2267 1396; baseline 0.002 -19"><span class='ocrx_word' id='word_1_229' title='bbox 1357 1332 1564 1377; x_wconf 83' lang='lat' dir='ltr'>flexionis</span> <span class='ocrx_word' id='word_1_230' title='bbox 1610 1332 1884 1378; x_wconf 86' lang='lat' dir='ltr'>memoriam</span> <span class='ocrx_word' id='word_1_231' title='bbox 1905 1360 1923 1386; x_wconf 85' lang='lat'>,</span> <span class='ocrx_word' id='word_1_232' title='bbox 1968 1329 2155 1395; x_wconf 90' lang='lat' dir='ltr'>quando</span> <span class='ocrx_word' id='word_1_233' title='bbox 2181 1329 2267 1396; x_wconf 72' lang='lat' dir='ltr'>ipsi·</span> 
     </span>
     <span class='ocr_line' id='line_1_27' title="bbox 1358 1400 2268 1450; baseline 0.002 -2"><span class='ocrx_word' id='word_1_234' title='bbox 1358 1404 1513 1449; x_wconf 84' lang='lat' dir='ltr'>Deum</span> <span class='ocrx_word' id='word_1_235' title='bbox 1544 1400 1754 1446; x_wconf 86' lang='lat' dir='ltr'>omnium</span> <span class='ocrx_word' id='word_1_236' title='bbox 1791 1402 2057 1447; x_wconf 84' lang='lat' dir='ltr'>Creatorem</span> <span class='ocrx_word' id='word_1_237' title='bbox 2072 1413 2268 1450; x_wconf 77' lang='lat' dir='ltr'>contra..</span> 
     </span>
     <span class='ocr_line' id='line_1_28' title="bbox 1355 1471 2270 1534; baseline 0.002 -17"><span class='ocrx_word' id='word_1_238' title='bbox 1355 1472 1589 1517; x_wconf 87' lang='lat' dir='ltr'>Simonem</span> <span class='ocrx_word' id='word_1_239' title='bbox 1614 1471 1810 1534; x_wconf 86' lang='lat' dir='ltr'>Magum</span> <span class='ocrx_word' id='word_1_240' title='bbox 1825 1483 2012 1515; x_wconf 83' lang='lat' dir='ltr'>orarunt</span> <span class='ocrx_word' id='word_1_241' title='bbox 2026 1500 2042 1524; x_wconf 87' lang='lat'>‚</span> <span class='ocrx_word' id='word_1_242' title='bbox 2062 1472 2270 1534; x_wconf 60' lang='lat' dir='ltr'>quique..</span> 
     </span>
     <span class='ocr_line' id='line_1_29' title="bbox 1354 1536 2273 1605; baseline -0.003 -18"><span class='ocrx_word' id='word_1_243' title='bbox 1354 1540 1468 1605; x_wconf 86' lang='lat' dir='ltr'>lapis</span> <span class='ocrx_word' id='word_1_244' title='bbox 1482 1540 1538 1586; x_wconf 88' lang='lat' dir='ltr'>ad</span> <span class='ocrx_word' id='word_1_245' title='bbox 1558 1536 1746 1604; x_wconf 82' lang='lat' dir='ltr'>praesens</span> <span class='ocrx_word' id='word_1_246' title='bbox 1780 1537 1932 1587; x_wconf 84' lang='lat' dir='ltr'>vifitur</span> <span class='ocrx_word' id='word_1_247' title='bbox 1956 1539 2006 1583; x_wconf 87' lang='lat' dir='ltr'>in</span> <span class='ocrx_word' id='word_1_248' title='bbox 2019 1538 2205 1585; x_wconf 77' lang='lat' dir='ltr'>Ecclesia</span> <span class='ocrx_word' id='word_1_249' title='bbox 2229 1542 2273 1586; x_wconf 87' lang='lat' dir='ltr'>S.</span> 
     </span>
     <span class='ocr_line' id='line_1_30' title="bbox 1356 1607 2264 1671; baseline -0.002 -14"><span class='ocrx_word' id='word_1_250' title='bbox 1356 1611 1518 1658; x_wconf 82' lang='lat' dir='ltr'>Mariae</span> <span class='ocrx_word' id='word_1_251' title='bbox 1544 1611 1693 1656; x_wconf 77' lang='lat' dir='ltr'>Nouae</span> <span class='ocrx_word' id='word_1_252' title='bbox 1721 1607 1778 1655; x_wconf 88' lang='lat' dir='ltr'>ad</span> <span class='ocrx_word' id='word_1_253' title='bbox 1807 1608 2035 1655; x_wconf 85' lang='lat' dir='ltr'>dexteram</span> <span class='ocrx_word' id='word_1_254' title='bbox 2061 1607 2264 1671; x_wconf 66' lang='lat' dir='ltr'>Tribune</span> 
     </span>
     <span class='ocr_line' id='line_1_31' title="bbox 1356 1675 2270 1744; baseline -0.001 -18"><span class='ocrx_word' id='word_1_255' title='bbox 1356 1675 1435 1726; x_wconf 90' lang='lat' dir='ltr'>sub</span> <span class='ocrx_word' id='word_1_256' title='bbox 1458 1695 1625 1744; x_wconf 86' lang='lat' dir='ltr'>magna</span> <span class='ocrx_word' id='word_1_257' title='bbox 1643 1677 1828 1727; x_wconf 80' lang='lat' dir='ltr'>fenestra</span> <span class='ocrx_word' id='word_1_258' title='bbox 1855 1695 1988 1725; x_wconf 84' lang='lat' dir='ltr'>muro</span> <span class='ocrx_word' id='word_1_259' title='bbox 2005 1679 2176 1726; x_wconf 79' lang='lat' dir='ltr'>infixus.</span> <span class='ocrx_word' id='word_1_260' title='bbox 2195 1683 2270 1727; x_wconf 89' lang='lat' dir='ltr'>De</span> 
     </span>
     <span class='ocr_line' id='line_1_32' title="bbox 1356 1747 2269 1815; baseline 0.001 -20"><span class='ocrx_word' id='word_1_261' title='bbox 1356 1747 1442 1795; x_wconf 90' lang='lat' dir='ltr'>hoc</span> <span class='ocrx_word' id='word_1_262' title='bbox 1458 1748 1607 1815; x_wconf 88' lang='lat' dir='ltr'>lapide</span> <span class='ocrx_word' id='word_1_263' title='bbox 1624 1750 1837 1797; x_wconf 85' lang='lat' dir='ltr'>meminit</span> <span class='ocrx_word' id='word_1_264' title='bbox 1854 1751 2100 1814; x_wconf 75' lang='lat' dir='ltr'>Gregorius</span> <span class='ocrx_word' id='word_1_265' title='bbox 2119 1749 2269 1796; x_wconf 84' lang='lat' dir='ltr'>Turo-</span> 
     </span>
    </p>
   </div>
   <div class='ocr_carea' id='block_1_6' title="bbox 396 1816 2266 2584">
    <p class='ocr_par' dir='ltr' id='par_1_6' title="bbox 396 1816 2266 2584">
     <span class='ocr_line' id='line_1_33' title="bbox 396 1816 2266 1895; baseline -0.003 -24"><span class='ocrx_word' id='word_1_266' title='bbox 396 1839 495 1871; x_wconf 87' lang='lat' dir='ltr'>cam</span> <span class='ocrx_word' id='word_1_267' title='bbox 512 1826 586 1869; x_wconf 85' lang='lat' dir='ltr'>SS.</span> <span class='ocrx_word' id='word_1_268' title='bbox 612 1821 770 1882; x_wconf 83' lang='lat' dir='ltr'>Cosmae</span> <span class='ocrx_word' id='word_1_269' title='bbox 788 1849 801 1866; x_wconf 75' lang='grc'><strong>.</strong></span> <span class='ocrx_word' id='word_1_270' title='bbox 821 1832 890 1884; x_wconf 57' lang='lat' dir='ltr'>ey</span> <span class='ocrx_word' id='word_1_271' title='bbox 905 1819 1119 1866; x_wconf 73' lang='lat' dir='ltr'>Damiani</span> <span class='ocrx_word' id='word_1_272' title='bbox 1132 1819 1179 1866; x_wconf 84' lang='lat' dir='ltr'>in</span> <span class='ocrx_word' id='word_1_273' title='bbox 1198 1824 1246 1868; x_wconf 94' lang='lat' dir='ltr'><em>V</em></span> <span class='ocrx_word' id='word_1_274' title='bbox 1247 1838 1336 1895; x_wconf 67' lang='lat' dir='ltr'>&#39;’‘C</span> <span class='ocrx_word' id='word_1_275' title='bbox 1351 1817 1493 1865; x_wconf 87' lang='lat' dir='ltr'>nenfis</span> <span class='ocrx_word' id='word_1_276' title='bbox 1510 1817 1564 1864; x_wconf 93' lang='lat' dir='ltr'>de</span> <span class='ocrx_word' id='word_1_277' title='bbox 1579 1819 1694 1881; x_wconf 83' lang='lat' dir='ltr'>glor:</span> <span class='ocrx_word' id='word_1_278' title='bbox 1713 1821 1851 1866; x_wconf 85' lang='lat' dir='ltr'>Mart:</span> <span class='ocrx_word' id='word_1_279' title='bbox 1889 1836 1926 1865; x_wconf 92' lang='lat' dir='ltr'>c.</span> <span class='ocrx_word' id='word_1_280' title='bbox 1957 1822 2033 1866; x_wconf 86' lang='lat'>28.</span> <span class='ocrx_word' id='word_1_281' title='bbox 2050 1816 2129 1865; x_wconf 92' lang='lat' dir='ltr'>suo</span> <span class='ocrx_word' id='word_1_282' title='bbox 2146 1824 2266 1866; x_wconf 72' lang='lat' dir='ltr'>tem-&#39;</span> 
     </span>
     <span class='ocr_line' id='line_1_34' title="bbox 401 1885 2264 1954; baseline -0.002 -13"><span class='ocrx_word' id='word_1_283' title='bbox 401 1891 450 1941; x_wconf 84' lang='lat' dir='ltr'>be</span> <span class='ocrx_word' id='word_1_284' title='bbox 470 1894 632 1938; x_wconf 60' lang='lat' dir='ltr'>Rome,</span> <span class='ocrx_word' id='word_1_285' title='bbox 648 1890 695 1936; x_wconf 80' lang='lat' dir='ltr'>in</span> <span class='ocrx_word' id='word_1_286' title='bbox 712 1890 801 1935; x_wconf 86' lang='lat' dir='ltr'>loco</span> <span class='ocrx_word' id='word_1_287' title='bbox 816 1916 830 1939; x_wconf 82' lang='lat'>‚</span> <span class='ocrx_word' id='word_1_288' title='bbox 844 1886 921 1949; x_wconf 80' lang='lat' dir='ltr'>qui</span> <span class='ocrx_word' id='word_1_289' title='bbox 931 1886 1180 1954; x_wconf 76' lang='lat' dir='ltr'>appellatur</span> <span class='ocrx_word' id='word_1_290' title='bbox 1207 1886 1290 1933; x_wconf 77' lang='lat' dir='ltr'>via</span> <span class='ocrx_word' id='word_1_291' title='bbox 1358 1903 1465 1952; x_wconf 91' lang='lat' dir='ltr'>pore</span> <span class='ocrx_word' id='word_1_292' title='bbox 1484 1885 1622 1942; x_wconf 80' lang='lat' dir='ltr'>fuiffe,</span> <span class='ocrx_word' id='word_1_293' title='bbox 1636 1885 1689 1933; x_wconf 86' lang='lat' dir='ltr'>fic</span> <span class='ocrx_word' id='word_1_294' title='bbox 1700 1888 1934 1951; x_wconf 85' lang='lat' dir='ltr'>inquiens:</span> <span class='ocrx_word' id='word_1_295' title='bbox 1953 1892 2129 1940; x_wconf 79' lang='lat' dir='ltr'>Extant</span> <span class='ocrx_word' id='word_1_296' title='bbox 2140 1889 2264 1938; x_wconf 81' lang='lat' dir='ltr'>hodie</span> 
     </span>
     <span class='ocr_line' id='line_1_35' title="bbox 399 1955 2266 2028; baseline 0 -22"><span class='ocrx_word' id='word_1_297' title='bbox 399 1962 531 2008; x_wconf 83' lang='lat' dir='ltr'>Sacra</span> <span class='ocrx_word' id='word_1_298' title='bbox 553 1989 567 2013; x_wconf 82' lang='lat'>,</span> <span class='ocrx_word' id='word_1_299' title='bbox 584 1961 712 2007; x_wconf 79' lang='lat' dir='ltr'>iuxta</span> <span class='ocrx_word' id='word_1_300' title='bbox 732 1958 968 2024; x_wconf 75' lang='lat' dir='ltr'>Templum</span> <span class='ocrx_word' id='word_1_301' title='bbox 985 1958 1033 2004; x_wconf 92' lang='lat' dir='ltr'><em>V</em></span> <span class='ocrx_word' id='word_1_302' title='bbox 1033 1955 1120 2003; x_wconf 73' lang='lat' dir='ltr'>rbz&#39;s</span> <span class='ocrx_word' id='word_1_303' title='bbox 1135 1958 1295 2003; x_wconf 24' lang='lat' dir='ltr'>Romae.</span> <span class='ocrx_word' id='word_1_304' title='bbox 1357 1958 1482 2023; x_wconf 82' lang='lat' dir='ltr'>apud</span> <span class='ocrx_word' id='word_1_305' title='bbox 1511 1963 1559 2006; x_wconf 94' lang='lat' dir='ltr'><em>V</em></span> <span class='ocrx_word' id='word_1_306' title='bbox 1559 1957 1679 2006; x_wconf 74' lang='lat' dir='ltr'>rbem</span> <span class='ocrx_word' id='word_1_307' title='bbox 1712 1961 1904 2006; x_wconf 79' lang='lat' dir='ltr'>Romam</span> <span class='ocrx_word' id='word_1_308' title='bbox 1920 1960 2015 2009; x_wconf 64' lang='lat' dir='ltr'>dm</span> <span class='ocrx_word' id='word_1_309' title='bbox 2031 1963 2079 2009; x_wconf 87' lang='lat' dir='ltr'>in</span> <span class='ocrx_word' id='word_1_310' title='bbox 2119 1960 2266 2028; x_wconf 75' lang='lat' dir='ltr'>lapide</span> 
     </span>
     <span class='ocr_line' id='line_1_36' title="bbox 399 2023 2262 2097; baseline 0.001 -22"><span class='ocrx_word' id='word_1_311' title='bbox 399 2027 569 2080; x_wconf 70' lang='lat' dir='ltr'>Ploruit</span> <span class='ocrx_word' id='word_1_312' title='bbox 600 2030 717 2074; x_wconf 83' lang='lat' dir='ltr'>Felix</span> <span class='ocrx_word' id='word_1_313' title='bbox 750 2023 957 2072; x_wconf 73' lang='lat' dir='ltr'>Pontifex</span> <span class='ocrx_word' id='word_1_314' title='bbox 988 2041 1108 2070; x_wconf 88' lang='lat' dir='ltr'>anno</span> <span class='ocrx_word' id='word_1_315' title='bbox 1135 2025 1299 2072; x_wconf 85' lang='lat' dir='ltr'>Christi</span> <span class='ocrx_word' id='word_1_316' title='bbox 1343 2025 1546 2094; x_wconf 78' lang='lat' dir='ltr'>fhffulae,</span> <span class='ocrx_word' id='word_1_317' title='bbox 1564 2027 1656 2091; x_wconf 59' lang='lat' dir='ltr'>stab</span> <span class='ocrx_word' id='word_1_318' title='bbox 1672 2045 1797 2092; x_wconf 78' lang='lat' dir='ltr'>quem</span> <span class='ocrx_word' id='word_1_319' title='bbox 1813 2030 1950 2078; x_wconf 64' lang='grc' dir='ltr'>Ἑεατί</span> <span class='ocrx_word' id='word_1_320' title='bbox 1975 2029 2166 2097; x_wconf 81' lang='lat' dir='ltr'>Apostoli</span> <span class='ocrx_word' id='word_1_321' title='bbox 2187 2029 2262 2076; x_wconf 87' lang='lat' dir='ltr'>de-</span> 
     </span>
     <span class='ocr_line' id='line_1_37' title="bbox 404 2093 2259 2167; baseline -0.001 -21"><span class='ocrx_word' id='word_1_322' title='bbox 404 2109 513 2161; x_wconf 80' lang='lat'>326.</span> <span class='ocrx_word' id='word_1_323' title='bbox 552 2102 620 2145; x_wconf 87' lang='lat' dir='ltr'>At</span> <span class='ocrx_word' id='word_1_324' title='bbox 635 2113 723 2144; x_wconf 84' lang='lat' dir='ltr'>vox</span> <span class='ocrx_word' id='word_1_325' title='bbox 742 2094 854 2162; x_wconf 79' lang='lat' dir='ltr'>fecit</span> <span class='ocrx_word' id='word_1_326' title='bbox 879 2093 949 2140; x_wconf 85' lang='lat' dir='ltr'>liic</span> <span class='ocrx_word' id='word_1_327' title='bbox 965 2111 1047 2158; x_wconf 92' lang='lat' dir='ltr'>pro</span> <span class='ocrx_word' id='word_1_328' title='bbox 1077 2093 1299 2141; x_wconf 79' lang='lat' dir='ltr'>dedicauit</span> <span class='ocrx_word' id='word_1_329' title='bbox 1345 2094 1471 2163; x_wconf 82' lang='lat' dir='ltr'>flexo</span> <span class='ocrx_word' id='word_1_330' title='bbox 1477 2099 1635 2167; x_wconf 77' lang='lat' dir='ltr'>poplite</span> <span class='ocrx_word' id='word_1_331' title='bbox 1652 2099 1888 2148; x_wconf 79' lang='lat' dir='ltr'>orationem</span> <span class='ocrx_word' id='word_1_332' title='bbox 1930 2115 2078 2149; x_wconf 79' lang='lat' dir='ltr'>contra</span> <span class='ocrx_word' id='word_1_333' title='bbox 2113 2100 2259 2167; x_wconf 65' lang='lat' dir='ltr'>ipfiam</span> 
     </span>
     <span class='ocr_line' id='line_1_38' title="bbox 400 2162 2260 2233; baseline -0.002 -16"><span class='ocrx_word' id='word_1_334' title='bbox 400 2166 655 2233; x_wconf 84' lang='lat' dir='ltr'>accipienda</span> <span class='ocrx_word' id='word_1_335' title='bbox 684 2164 774 2213; x_wconf 86' lang='lat' dir='ltr'>est.</span> <span class='ocrx_word' id='word_1_336' title='bbox 802 2164 927 2211; x_wconf 74' lang='lat' dir='ltr'>Cum</span> <span class='ocrx_word' id='word_1_337' title='bbox 952 2165 999 2210; x_wconf 81' lang='lat' dir='ltr'>in</span> <span class='ocrx_word' id='word_1_338' title='bbox 1027 2164 1111 2211; x_wconf 92' lang='lat' dir='ltr'>hoc</span> <span class='ocrx_word' id='word_1_339' title='bbox 1142 2162 1265 2211; x_wconf 86' lang='lat' dir='ltr'>sensu</span> <span class='ocrx_word' id='word_1_340' title='bbox 1282 2194 1298 2220; x_wconf 85' lang='lat'>‚</span> <span class='ocrx_word' id='word_1_341' title='bbox 1358 2167 1577 2214; x_wconf 80' lang='lat' dir='ltr'>Simonem</span> <span class='ocrx_word' id='word_1_342' title='bbox 1613 2171 1810 2232; x_wconf 82' lang='lat' dir='ltr'>Magum</span> <span class='ocrx_word' id='word_1_343' title='bbox 1838 2169 1899 2217; x_wconf 88' lang='lat' dir='ltr'>ad</span> <span class='ocrx_word' id='word_1_344' title='bbox 1933 2170 2180 2218; x_wconf 82' lang='lat' dir='ltr'>Dominum</span> <span class='ocrx_word' id='word_1_345' title='bbox 2196 2166 2260 2233; x_wconf 60' lang='lat' dir='ltr'>ef:</span> 
     </span>
     <span class='ocr_line' id='line_1_39' title="bbox 401 2231 2261 2307; baseline 0 -21"><span class='ocrx_word' id='word_1_346' title='bbox 401 2237 520 2304; x_wconf 85' lang='lat' dir='ltr'>apud</span> <span class='ocrx_word' id='word_1_347' title='bbox 551 2234 943 2283; x_wconf 80' lang='lat' dir='ltr'>Bibliothecarium</span> <span class='ocrx_word' id='word_1_348' title='bbox 989 2231 1098 2297; x_wconf 60' lang='lat' dir='ltr'>saepe</span> <span class='ocrx_word' id='word_1_349' title='bbox 1128 2234 1297 2281; x_wconf 83' lang='lat' dir='ltr'>intelli·</span> <span class='ocrx_word' id='word_1_350' title='bbox 1342 2235 1590 2302; x_wconf 75' lang='lat' dir='ltr'>fhderunt.</span> <span class='ocrx_word' id='word_1_351' title='bbox 1625 2242 1685 2285; x_wconf 82' lang='lat' dir='ltr'>In</span> <span class='ocrx_word' id='word_1_352' title='bbox 1711 2237 1881 2302; x_wconf 72' lang='lat' dir='ltr'>quibus,</span> <span class='ocrx_word' id='word_1_353' title='bbox 1898 2256 1997 2287; x_wconf 71' lang='lat' dir='ltr'>cum</span> <span class='ocrx_word' id='word_1_354' title='bbox 2016 2240 2068 2287; x_wconf 85' lang='lat' dir='ltr'>de</span> <span class='ocrx_word' id='word_1_355' title='bbox 2095 2240 2261 2307; x_wconf 60' lang='lat' dir='ltr'>pluuqs</span> 
     </span>
     <span class='ocr_line' id='line_1_40' title="bbox 399 2301 2250 2374; baseline -0.001 -20"><span class='ocrx_word' id='word_1_356' title='bbox 399 2306 550 2374; x_wconf 82' lang='lat' dir='ltr'>genda</span> <span class='ocrx_word' id='word_1_357' title='bbox 565 2306 711 2354; x_wconf 84' lang='lat' dir='ltr'>veniat</span> <span class='ocrx_word' id='word_1_358' title='bbox 731 2334 746 2359; x_wconf 85' lang='lat'>,</span> <span class='ocrx_word' id='word_1_359' title='bbox 762 2317 812 2350; x_wconf 90' lang='lat' dir='ltr'>vt</span> <span class='ocrx_word' id='word_1_360' title='bbox 829 2301 1231 2349; x_wconf 85' lang='lat' dir='ltr'>demonstrauimus</span> <span class='ocrx_word' id='word_1_361' title='bbox 1249 2304 1298 2350; x_wconf 89' lang='lat' dir='ltr'>in</span> <span class='ocrx_word' id='word_1_362' title='bbox 1355 2303 1525 2371; x_wconf 74' lang='lat' dir='ltr'>limphae</span> <span class='ocrx_word' id='word_1_363' title='bbox 1553 2307 1716 2355; x_wconf 61' lang='lat' dir='ltr'>collatae</span> <span class='ocrx_word' id='word_1_364' title='bbox 1748 2304 1950 2369; x_wconf 70' lang='lat' dir='ltr'>ficei-int,</span> <span class='ocrx_word' id='word_1_365' title='bbox 1983 2310 2009 2355; x_wconf 73' lang='grc' dir='ltr'>ἒι</span> <span class='ocrx_word' id='word_1_366' title='bbox 2040 2306 2250 2355; x_wconf 78' lang='lat' dir='ltr'>morbidis</span> 
     </span>
     <span class='ocr_line' id='line_1_41' title="bbox 401 2373 2256 2444; baseline -0.001 -20"><span class='ocrx_word' id='word_1_367' title='bbox 401 2377 561 2424; x_wconf 79' lang='lat' dir='ltr'>nostro</span> <span class='ocrx_word' id='word_1_368' title='bbox 591 2390 722 2438; x_wconf 88' lang='lat' dir='ltr'>opere</span> <span class='ocrx_word' id='word_1_369' title='bbox 739 2373 793 2418; x_wconf 89' lang='lat' dir='ltr'>de</span> <span class='ocrx_word' id='word_1_370' title='bbox 809 2373 1027 2418; x_wconf 87' lang='lat' dir='ltr'>veteribus</span> <span class='ocrx_word' id='word_1_371' title='bbox 1042 2373 1297 2419; x_wconf 88' lang='lat' dir='ltr'>monimen·</span> <span class='ocrx_word' id='word_1_372' title='bbox 1355 2387 1634 2442; x_wconf 80' lang='lat' dir='ltr'>expetuntur,</span> <span class='ocrx_word' id='word_1_373' title='bbox 1646 2376 1883 2442; x_wconf 60' lang='lat' dir='ltr'>haustaeque</span> <span class='ocrx_word' id='word_1_374' title='bbox 1899 2378 2256 2444; x_wconf 79' lang='lat' dir='ltr'>moxstmitatem</span> 
     </span>
     <span class='ocr_line' id='line_1_42' title="bbox 403 2438 2257 2509; baseline -0.002 -15"><span class='ocrx_word' id='word_1_375' title='bbox 403 2448 462 2495; x_wconf 86' lang='lat' dir='ltr'>tis</span> <span class='ocrx_word' id='word_1_376' title='bbox 479 2458 599 2509; x_wconf 87' lang='lat' dir='ltr'>parte</span> <span class='ocrx_word' id='word_1_377' title='bbox 626 2457 661 2488; x_wconf 88' lang='lat' dir='ltr'>i.</span> <span class='ocrx_word' id='word_1_378' title='bbox 675 2458 772 2507; x_wconf 83' lang='lat' dir='ltr'>cap.</span> <span class='ocrx_word' id='word_1_379' title='bbox 795 2454 869 2501; x_wconf 90' lang='lat'>27.</span> <span class='ocrx_word' id='word_1_380' title='bbox 900 2441 1110 2489; x_wconf 83' lang='lat' dir='ltr'>Diximus</span> <span class='ocrx_word' id='word_1_381' title='bbox 1126 2441 1208 2489; x_wconf 92' lang='lat' dir='ltr'>huc</span> <span class='ocrx_word' id='word_1_382' title='bbox 1226 2438 1296 2490; x_wconf 85' lang='lat' dir='ltr'>vs-</span> <span class='ocrx_word' id='word_1_383' title='bbox 1357 2443 1568 2493; x_wconf 69' lang='lat' dir='ltr'>tribuunt.</span> <span class='ocrx_word' id='word_1_384' title='bbox 1582 2448 1772 2493; x_wconf 84' lang='lat' dir='ltr'>Historia</span> <span class='ocrx_word' id='word_1_385' title='bbox 1790 2447 1878 2493; x_wconf 80' lang='lat' dir='ltr'>haec</span> <span class='ocrx_word' id='word_1_386' title='bbox 1896 2447 1990 2495; x_wconf 76' lang='lat' dir='ltr'>fuse</span> <span class='ocrx_word' id='word_1_387' title='bbox 2010 2448 2033 2494; x_wconf 81' lang='grc' dir='ltr'>εὶ</span> <span class='ocrx_word' id='word_1_388' title='bbox 2061 2446 2257 2495; x_wconf 80' lang='lat' dir='ltr'>Batonio</span> 
     </span>
     <span class='ocr_line' id='line_1_43' title="bbox 405 2510 2255 2584; baseline 0 -23"><span class='ocrx_word' id='word_1_389' title='bbox 405 2533 493 2582; x_wconf 85' lang='lat' dir='ltr'>que</span> <span class='ocrx_word' id='word_1_390' title='bbox 509 2514 563 2561; x_wconf 86' lang='lat' dir='ltr'>de</span> <span class='ocrx_word' id='word_1_391' title='bbox 591 2514 748 2578; x_wconf 81' lang='lat' dir='ltr'>templi</span> <span class='ocrx_word' id='word_1_392' title='bbox 772 2510 1003 2557; x_wconf 84' lang='lat' dir='ltr'>identitate</span> <span class='ocrx_word' id='word_1_393' title='bbox 1032 2513 1193 2560; x_wconf 78' lang='lat' dir='ltr'>Romae</span> <span class='ocrx_word' id='word_1_394' title='bbox 1207 2541 1222 2565; x_wconf 83' lang='lat'>,</span> <span class='ocrx_word' id='word_1_395' title='bbox 1246 2521 1293 2561; x_wconf 71' lang='grc' dir='ltr'>δε</span> <span class='ocrx_word' id='word_1_396' title='bbox 1351 2511 1408 2558; x_wconf 83' lang='lat' dir='ltr'>ad</span> <span class='ocrx_word' id='word_1_397' title='bbox 1423 2515 1612 2561; x_wconf 85' lang='lat' dir='ltr'>Annum</span> <span class='ocrx_word' id='word_1_398' title='bbox 1631 2519 1708 2564; x_wconf 85' lang='lat'>68.</span> <span class='ocrx_word' id='word_1_399' title='bbox 1725 2533 1798 2566; x_wconf 88' lang='lat' dir='ltr'>nu.</span> <span class='ocrx_word' id='word_1_400' title='bbox 1824 2526 1943 2577; x_wconf 77' lang='lat'>14&amp;</span> <span class='ocrx_word' id='word_1_401' title='bbox 1956 2516 2084 2584; x_wconf 83' lang='lat' dir='ltr'>seqq.</span> <span class='ocrx_word' id='word_1_402' title='bbox 2099 2513 2255 2577; x_wconf 42' lang='lat' dir='ltr'>deseris</span> 
     </span>
    </p>
   </div>
   <div class='ocr_carea' id='block_1_7' title="bbox 405 2578 1515 2661">
    <p class='ocr_par' dir='ltr' id='par_1_7' title="bbox 405 2578 1515 2661">
     <span class='ocr_line' id='line_1_44' title="bbox 405 2578 1515 2661; baseline -0.005 -28"><span class='ocrx_word' id='word_1_403' title='bbox 405 2586 591 2635; x_wconf 87' lang='lat' dir='ltr'>Veneris</span> <span class='ocrx_word' id='word_1_404' title='bbox 607 2614 620 2639; x_wconf 80' lang='lat'>,</span> <span class='ocrx_word' id='word_1_405' title='bbox 641 2582 763 2648; x_wconf 86' lang='lat' dir='ltr'>quod</span> <span class='ocrx_word' id='word_1_406' title='bbox 780 2582 827 2627; x_wconf 85' lang='lat' dir='ltr'>in</span> <span class='ocrx_word' id='word_1_407' title='bbox 845 2578 1077 2628; x_wconf 83' lang='lat' dir='ltr'>Ecclesiam</span> <span class='ocrx_word' id='word_1_408' title='bbox 1094 2585 1160 2630; x_wconf 79' lang='lat' dir='ltr'>SS.</span> <span class='ocrx_word' id='word_1_409' title='bbox 1178 2580 1292 2630; x_wconf 86' lang='lat' dir='ltr'>Cos·</span> <span class='ocrx_word' id='word_1_410' title='bbox 1312 2583 1482 2661; x_wconf 85' lang='lat' dir='ltr'>Dbitur</span> <span class='ocrx_word' id='word_1_411' title='bbox 1501 2615 1515 2627; x_wconf 90' lang='lat'>.</span> 
     </span>
    </p>
   </div>
   <div class='ocr_carea' id='block_1_8' title="bbox 406 2650 1308 3285">
    <p class='ocr_par' dir='ltr' id='par_1_8' title="bbox 406 2650 1308 2851">
     <span class='ocr_line' id='line_1_45' title="bbox 407 2650 1308 2712; baseline -0.003 -9"><span class='ocrx_word' id='word_1_412' title='bbox 407 2664 555 2710; x_wconf 50' lang='lat' dir='ltr'>maessc</span> <span class='ocrx_word' id='word_1_413' title='bbox 576 2654 790 2701; x_wconf 84' lang='lat' dir='ltr'>Damiani</span> <span class='ocrx_word' id='word_1_414' title='bbox 810 2650 938 2698; x_wconf 84' lang='lat' dir='ltr'>transi</span> <span class='ocrx_word' id='word_1_415' title='bbox 941 2652 980 2712; x_wconf 86' lang='lat' dir='ltr'>jt</span> <span class='ocrx_word' id='word_1_416' title='bbox 995 2682 1010 2706; x_wconf 85' lang='lat'>,</span> <span class='ocrx_word' id='word_1_417' title='bbox 1030 2651 1169 2699; x_wconf 89' lang='lat' dir='ltr'>modo</span> <span class='ocrx_word' id='word_1_418' title='bbox 1186 2651 1240 2699; x_wconf 88' lang='lat' dir='ltr'>de</span> <span class='ocrx_word' id='word_1_419' title='bbox 1255 2654 1308 2701; x_wconf 84' lang='lat' dir='ltr'>il-</span> 
     </span>
     <span class='ocr_line' id='line_1_46' title="bbox 406 2721 1306 2788; baseline -0.001 -15"><span class='ocrx_word' id='word_1_420' title='bbox 406 2727 489 2773; x_wconf 86' lang='lat' dir='ltr'>lius</span> <span class='ocrx_word' id='word_1_421' title='bbox 519 2724 885 2771; x_wconf 81' lang='lat' dir='ltr'>denominatione</span> <span class='ocrx_word' id='word_1_422' title='bbox 928 2721 1098 2788; x_wconf 84' lang='lat' dir='ltr'>aliquid</span> <span class='ocrx_word' id='word_1_423' title='bbox 1124 2738 1306 2773; x_wconf 78' lang='lat' dir='ltr'>narran-</span> 
     </span>
     <span class='ocr_line' id='line_1_47' title="bbox 407 2793 838 2851; baseline -0.009 -9"><span class='ocrx_word' id='word_1_424' title='bbox 407 2795 518 2843; x_wconf 84' lang='lat' dir='ltr'>dum</span> <span class='ocrx_word' id='word_1_425' title='bbox 538 2793 643 2851; x_wconf 80' lang='lat' dir='ltr'>effe,</span> <span class='ocrx_word' id='word_1_426' title='bbox 659 2793 811 2842; x_wconf 84' lang='lat' dir='ltr'>censeo</span> <span class='ocrx_word' id='word_1_427' title='bbox 825 2825 838 2837; x_wconf 86' lang='grc'><strong>.</strong></span> 
     </span>
    </p>

    <p class='ocr_par' dir='ltr' id='par_1_9' title="bbox 409 2863 1306 3285">
     <span class='ocr_line' id='line_1_48' title="bbox 510 2863 1304 2928; baseline 0.001 -16"><span class='ocrx_word' id='word_1_428' title='bbox 510 2864 695 2912; x_wconf 79' lang='lat' dir='ltr'>Ecclesia</span> <span class='ocrx_word' id='word_1_429' title='bbox 727 2864 807 2926; x_wconf 71' lang='lat' dir='ltr'>hec</span> <span class='ocrx_word' id='word_1_430' title='bbox 824 2863 1067 2928; x_wconf 87' lang='lat' dir='ltr'>antiquitus</span> <span class='ocrx_word' id='word_1_431' title='bbox 1097 2865 1165 2911; x_wconf 82' lang='lat' dir='ltr'>SS·</span> <span class='ocrx_word' id='word_1_432' title='bbox 1188 2863 1304 2913; x_wconf 90' lang='lat' dir='ltr'>Cos-</span> 
     </span>
     <span class='ocr_line' id='line_1_49' title="bbox 410 2933 1306 3001; baseline 0.002 -20"><span class='ocrx_word' id='word_1_433' title='bbox 410 2951 493 2981; x_wconf 79' lang='lat' dir='ltr'>mae</span> <span class='ocrx_word' id='word_1_434' title='bbox 511 2966 525 2990; x_wconf 78' lang='lat'>,</span> <span class='ocrx_word' id='word_1_435' title='bbox 548 2943 593 2982; x_wconf 83' lang='lat'>&amp;</span> <span class='ocrx_word' id='word_1_436' title='bbox 610 2935 822 2982; x_wconf 84' lang='lat' dir='ltr'>Damiani</span> <span class='ocrx_word' id='word_1_437' title='bbox 850 2935 897 2981; x_wconf 87' lang='lat' dir='ltr'>in</span> <span class='ocrx_word' id='word_1_438' title='bbox 929 2935 1009 2984; x_wconf 84' lang='lat' dir='ltr'>Via</span> <span class='ocrx_word' id='word_1_439' title='bbox 1027 2933 1140 2981; x_wconf 84' lang='lat' dir='ltr'>sacra</span> <span class='ocrx_word' id='word_1_440' title='bbox 1154 2937 1306 3001; x_wconf 85' lang='lat' dir='ltr'>appel-</span> 
     </span>
     <span class='ocr_line' id='line_1_50' title="bbox 409 3003 1304 3067; baseline 0.004 -18"><span class='ocrx_word' id='word_1_441' title='bbox 409 3005 595 3058; x_wconf 64' lang='lat' dir='ltr'>labatur3</span> <span class='ocrx_word' id='word_1_442' title='bbox 614 3004 758 3067; x_wconf 83' lang='lat' dir='ltr'>postea</span> <span class='ocrx_word' id='word_1_443' title='bbox 777 3006 824 3051; x_wconf 81' lang='lat' dir='ltr'>in</span> <span class='ocrx_word' id='word_1_444' title='bbox 843 3004 978 3052; x_wconf 84' lang='lat' dir='ltr'>tribus</span> <span class='ocrx_word' id='word_1_445' title='bbox 993 3003 1098 3051; x_wconf 83' lang='lat' dir='ltr'>foris</span> <span class='ocrx_word' id='word_1_446' title='bbox 1118 3035 1132 3059; x_wconf 80' lang='lat'>,</span> <span class='ocrx_word' id='word_1_447' title='bbox 1148 3013 1193 3052; x_wconf 83' lang='lat'>&amp;</span> <span class='ocrx_word' id='word_1_448' title='bbox 1207 3023 1304 3053; x_wconf 87' lang='lat' dir='ltr'>cor-</span> 
     </span>
     <span class='ocr_line' id='line_1_51' title="bbox 409 3073 1304 3141; baseline 0.006 -21"><span class='ocrx_word' id='word_1_449' title='bbox 409 3075 535 3137; x_wconf 78' lang='lat' dir='ltr'>rupte</span> <span class='ocrx_word' id='word_1_450' title='bbox 557 3073 603 3117; x_wconf 88' lang='lat' dir='ltr'>in</span> <span class='ocrx_word' id='word_1_451' title='bbox 624 3074 758 3122; x_wconf 83' lang='lat' dir='ltr'>tribus</span> <span class='ocrx_word' id='word_1_452' title='bbox 771 3073 910 3123; x_wconf 66' lang='lat' dir='ltr'>fatisti</span> <span class='ocrx_word' id='word_1_453' title='bbox 950 3073 1086 3123; x_wconf 76' lang='lat' dir='ltr'>tribus</span> <span class='ocrx_word' id='word_1_454' title='bbox 1105 3091 1304 3141; x_wconf 64' lang='lat' dir='ltr'>nempe..</span> 
     </span>
     <span class='ocr_line' id='line_1_52' title="bbox 414 3139 1303 3209; baseline 0.008 -19"><span class='ocrx_word' id='word_1_455' title='bbox 414 3144 524 3191; x_wconf 87' lang='lat' dir='ltr'>foris</span> <span class='ocrx_word' id='word_1_456' title='bbox 558 3139 737 3188; x_wconf 70' lang='lat' dir='ltr'>Cassaris</span> <span class='ocrx_word' id='word_1_457' title='bbox 752 3173 766 3197; x_wconf 74' lang='lat'>,</span> <span class='ocrx_word' id='word_1_458' title='bbox 795 3146 980 3209; x_wconf 81' lang='lat' dir='ltr'>Augusti</span> <span class='ocrx_word' id='word_1_459' title='bbox 995 3176 1012 3201; x_wconf 87' lang='lat'>,</span> <span class='ocrx_word' id='word_1_460' title='bbox 1044 3155 1089 3194; x_wconf 58' lang='grc' dir='ltr'>δέ</span> <span class='ocrx_word' id='word_1_461' title='bbox 1119 3149 1303 3198; x_wconf 84' lang='lat' dir='ltr'>Neruae.</span> 
     </span>
     <span class='ocr_line' id='line_1_53' title="bbox 411 3212 1306 3285; baseline 0.006 -25"><span class='ocrx_word' id='word_1_462' title='bbox 411 3216 543 3262; x_wconf 64' lang='lat' dir='ltr'>Dicta</span> <span class='ocrx_word' id='word_1_463' title='bbox 559 3213 695 3260; x_wconf 82' lang='lat' dir='ltr'>etiam</span> <span class='ocrx_word' id='word_1_464' title='bbox 710 3212 792 3262; x_wconf 85' lang='lat' dir='ltr'>fuit</span> <span class='ocrx_word' id='word_1_465' title='bbox 810 3214 977 3263; x_wconf 72' lang='lat' dir='ltr'>insiliet:</span> <span class='ocrx_word' id='word_1_466' title='bbox 993 3247 1008 3273; x_wconf 89' lang='lat'>,</span> <span class='ocrx_word' id='word_1_467' title='bbox 1051 3232 1100 3267; x_wconf 89' lang='lat' dir='ltr'>vt</span> <span class='ocrx_word' id='word_1_468' title='bbox 1131 3235 1181 3264; x_wconf 85' lang='lat' dir='ltr'>ex</span> <span class='ocrx_word' id='word_1_469' title='bbox 1197 3235 1306 3285; x_wconf 84' lang='lat' dir='ltr'>qua-</span> 
     </span>
    </p>
   </div>
   <div class='ocr_carea' id='block_1_9' title="bbox 1361 2654 2258 3002">
    <p class='ocr_par' dir='ltr' id='par_1_10' title="bbox 1361 2654 2258 3002">
     <span class='ocr_line' id='line_1_54' title="bbox 1468 2654 2258 2721; baseline -0.001 -21"><span class='ocrx_word' id='word_1_470' title='bbox 1468 2654 1704 2721; x_wconf 86' lang='lat' dir='ltr'>Explicatis</span> <span class='ocrx_word' id='word_1_471' title='bbox 1718 2660 1852 2707; x_wconf 85' lang='lat' dir='ltr'>etiam</span> <span class='ocrx_word' id='word_1_472' title='bbox 1868 2660 1987 2708; x_wconf 87' lang='lat' dir='ltr'>istius</span> <span class='ocrx_word' id='word_1_473' title='bbox 2005 2655 2158 2705; x_wconf 84' lang='lat' dir='ltr'>nostrae</span> <span class='ocrx_word' id='word_1_474' title='bbox 2174 2657 2258 2700; x_wconf 86' lang='lat' dir='ltr'>Ec-</span> 
     </span>
     <span class='ocr_line' id='line_1_55' title="bbox 1361 2722 2255 2778; baseline -0.001 -9"><span class='ocrx_word' id='word_1_475' title='bbox 1361 2722 1494 2771; x_wconf 82' lang='lat' dir='ltr'>clefiae</span> <span class='ocrx_word' id='word_1_476' title='bbox 1541 2724 1983 2778; x_wconf 83' lang='lat' dir='ltr'>denominationibus</span> <span class='ocrx_word' id='word_1_477' title='bbox 2017 2725 2158 2775; x_wconf 80' lang='lat' dir='ltr'>modo</span> <span class='ocrx_word' id='word_1_478' title='bbox 2188 2722 2255 2769; x_wconf 86' lang='lat' dir='ltr'>su-</span> 
     </span>
     <span class='ocr_line' id='line_1_56' title="bbox 1362 2792 2253 2868; baseline 0.003 -29"><span class='ocrx_word' id='word_1_479' title='bbox 1362 2793 1500 2858; x_wconf 84' lang='lat' dir='ltr'>perest</span> <span class='ocrx_word' id='word_1_480' title='bbox 1530 2794 1585 2842; x_wconf 86' lang='lat' dir='ltr'>de</span> <span class='ocrx_word' id='word_1_481' title='bbox 1609 2797 1726 2845; x_wconf 88' lang='lat' dir='ltr'>illius</span> <span class='ocrx_word' id='word_1_482' title='bbox 1759 2802 2056 2868; x_wconf 72' lang='lat' dir='ltr'>praerogati&#39;uis</span> <span class='ocrx_word' id='word_1_483' title='bbox 2084 2792 2253 2859; x_wconf 78' lang='lat' dir='ltr'>aliquid</span> 
     </span>
     <span class='ocr_line' id='line_1_57' title="bbox 1361 2866 2247 2935; baseline 0.001 -25"><span class='ocrx_word' id='word_1_484' title='bbox 1361 2880 1575 2923; x_wconf 85' lang='lat' dir='ltr'>enarrare,</span> <span class='ocrx_word' id='word_1_485' title='bbox 1586 2882 1826 2935; x_wconf 78' lang='lat' dir='ltr'>antequam</span> <span class='ocrx_word' id='word_1_486' title='bbox 1847 2872 1903 2919; x_wconf 85' lang='lat' dir='ltr'>ad</span> <span class='ocrx_word' id='word_1_487' title='bbox 1920 2869 2072 2918; x_wconf 87' lang='lat' dir='ltr'>musiui</span> <span class='ocrx_word' id='word_1_488' title='bbox 2103 2866 2247 2930; x_wconf 83' lang='lat' dir='ltr'>operis</span> 
     </span>
     <span class='ocr_line' id='line_1_58' title="bbox 1361 2935 2252 3002; baseline 0.002 -22"><span class='ocrx_word' id='word_1_489' title='bbox 1361 2935 1698 3000; x_wconf 84' lang='lat' dir='ltr'>explicationem</span> <span class='ocrx_word' id='word_1_490' title='bbox 1721 2939 2141 3002; x_wconf 50' lang='lat' dir='ltr'>&amp;ueniamus-Saepe</span> <span class='ocrx_word' id='word_1_491' title='bbox 2161 2937 2252 2982; x_wconf 82' lang='lat' dir='ltr'>lau-</span> 
     </span>
    </p>
   </div>
   <div class='ocr_carea' id='block_1_10' title="bbox 2369 2066 2372 2086">
    <p class='ocr_par' dir='ltr' id='par_1_11' title="bbox 2369 2066 2372 2086">
     <span class='ocr_line' id='line_1_59' title="bbox 2369 2066 2372 2086; baseline 0 0"><span class='ocrx_word' id='word_1_492' title='bbox 2369 2066 2372 2086; x_wconf 67' lang='grc' dir='ltr'>Ι</span> 
     </span>
    </p>
   </div>
   <div class='ocr_carea' id='block_1_11' title="bbox 2366 2167 2370 2327">
    <p class='ocr_par' dir='ltr' id='par_1_12' title="bbox 2366 2167 2370 2327">
     <span class='ocr_line' id='line_1_60' title="bbox 2367 2167 2370 2209; baseline 0 0"><span class='ocrx_word' id='word_1_493' title='bbox 2367 2167 2370 2209; x_wconf 64' lang='grc' dir='ltr'><strong>ῑ</strong></span> 
     </span>
     <span class='ocr_line' id='line_1_61' title="bbox 2366 2216 2369 2231; baseline 0 0"><span class='ocrx_word' id='word_1_494' title='bbox 2366 2216 2369 2231; x_wconf 72' lang='lat' dir='ltr'>i</span> 
     </span>
     <span class='ocr_line' id='line_1_62' title="bbox 2366 2307 2368 2327; baseline 0 0"><span class='ocrx_word' id='word_1_495' title='bbox 2366 2307 2368 2327; x_wconf 68' lang='grc' dir='ltr'>ἱ</span> 
     </span>
    </p>
   </div>
   <div class='ocr_carea' id='block_1_12' title="bbox 2371 2119 2378 2345">
    <p class='ocr_par' dir='ltr' id='par_1_13' title="bbox 2374 2119 2378 2127">
     <span class='ocr_line' id='line_1_63' title="bbox 2374 2119 2378 2127; baseline 0 0"><span class='ocrx_word' id='word_1_496' title='bbox 2374 2119 2378 2127; x_wconf 91' lang='grc'><strong>.</strong></span> 
     </span>
    </p>

    <p class='ocr_par' dir='ltr' id='par_1_14' title="bbox 2374 2129 2378 2136">
     <span class='ocr_line' id='line_1_64' title="bbox 2374 2129 2378 2136; baseline 0 0"><span class='ocrx_word' id='word_1_497' title='bbox 2374 2129 2378 2136; x_wconf 83' lang='grc'>,</span> 
     </span>
    </p>

    <p class='ocr_par' dir='ltr' id='par_1_15' title="bbox 2371 2200 2378 2345">
     <span class='ocr_line' id='line_1_65' title="bbox 2373 2200 2375 2209; baseline 0 0"><span class='ocrx_word' id='word_1_498' title='bbox 2373 2200 2375 2209; x_wconf 76' lang='grc'>,</span> 
     </span>
     <span class='ocr_line' id='line_1_66' title="bbox 2371 2219 2378 2264; baseline 0 0"><span class='ocrx_word' id='word_1_499' title='bbox 2371 2219 2378 2264; x_wconf 75' lang='lat' dir='ltr'>l</span> 
     </span>
     <span class='ocr_line' id='line_1_67' title="bbox 2371 2337 2374 2345; baseline 0 0"><span class='ocrx_word' id='word_1_500' title='bbox 2371 2337 2374 2345; x_wconf 89' lang='grc'><strong><em>,</em></strong></span> 
     </span>
    </p>
   </div>
   <div class='ocr_carea' id='block_1_13' title="bbox 2360 2346 2378 2650">
    <p class='ocr_par' dir='ltr' id='par_1_16' title="bbox 2360 2346 2378 2650">
     <span class='ocr_line' id='line_1_68' title="bbox 2363 2346 2378 2478; baseline 0.2 -3"><span class='ocrx_word' id='word_1_501' title='bbox 2363 2346 2378 2478; x_wconf 65' lang='lat' dir='ltr'>i</span> 
     </span>
     <span class='ocr_line' id='line_1_69' title="bbox 2360 2591 2373 2650; baseline -0.154 0"><span class='ocrx_word' id='word_1_502' title='bbox 2360 2591 2373 2650; x_wconf 63' lang='grc' dir='ltr'>ἐξ</span> 
     </span>
    </p>
   </div>
   <div class='ocr_carea' id='block_1_14' title="bbox 2364 2653 2370 2728">
    <p class='ocr_par' dir='ltr' id='par_1_17' title="bbox 2364 2653 2370 2728">
     <span class='ocr_line' id='line_1_70' title="bbox 2364 2653 2370 2728; baseline 0 -11"><span class='ocrx_word' id='word_1_503' title='bbox 2364 2653 2370 2728; x_wconf 69' lang='grc' dir='ltr'>ἓ</span> 
     </span>
    </p>
   </div>
   <div class='ocr_carea' id='block_1_15' title="bbox 1362 3003 2360 3057">
    <p class='ocr_par' dir='ltr' id='par_1_18' title="bbox 1362 3003 2360 3057">
     <span class='ocr_line' id='line_1_71' title="bbox 1362 3003 2360 3057; baseline 0.004 -6"><span class='ocrx_word' id='word_1_504' title='bbox 1362 3003 1491 3053; x_wconf 87' lang='lat' dir='ltr'>datus</span> <span class='ocrx_word' id='word_1_505' title='bbox 1525 3008 1885 3057; x_wconf 87' lang='lat' dir='ltr'>Bibliothecarius</span> <span class='ocrx_word' id='word_1_506' title='bbox 1915 3009 1962 3055; x_wconf 90' lang='lat' dir='ltr'>in</span> <span class='ocrx_word' id='word_1_507' title='bbox 1990 3008 2198 3056; x_wconf 74' lang='lat' dir='ltr'>Hadriani</span> <span class='ocrx_word' id='word_1_508' title='bbox 2217 3012 2249 3055; x_wconf 86' lang='lat' dir='ltr'>I.</span> <span class='ocrx_word' id='word_1_509' title='bbox 2327 3027 2329 3029; x_wconf 50' lang='lat'><strong><em>¹</em></strong></span> <span class='ocrx_word' id='word_1_510' title='bbox 2358 3026 2360 3031; x_wconf 64' lang='grc'>’</span> 
     </span>
    </p>
   </div>
   <div class='ocr_carea' id='block_1_16' title="bbox 1361 3075 2256 3356">
    <p class='ocr_par' dir='ltr' id='par_1_19' title="bbox 1362 3075 2256 3146">
     <span class='ocr_line' id='line_1_72' title="bbox 1362 3075 2256 3146; baseline 0.003 -23"><span class='ocrx_word' id='word_1_511' title='bbox 1362 3079 1453 3123; x_wconf 84' lang='lat' dir='ltr'>vita</span> <span class='ocrx_word' id='word_1_512' title='bbox 1471 3075 1645 3135; x_wconf 80' lang='lat' dir='ltr'>scribit,</span> <span class='ocrx_word' id='word_1_513' title='bbox 1678 3079 1820 3146; x_wconf 81' lang='lat' dir='ltr'>ipsum</span> <span class='ocrx_word' id='word_1_514' title='bbox 1851 3078 2111 3126; x_wconf 83' lang='lat' dir='ltr'>Pontificem</span> <span class='ocrx_word' id='word_1_515' title='bbox 2142 3076 2256 3126; x_wconf 77' lang='lat' dir='ltr'>hanc</span> 
     </span>
    </p>

    <p class='ocr_par' dir='ltr' id='par_1_20' title="bbox 1362 3145 2250 3210">
     <span class='ocr_line' id='line_1_73' title="bbox 1362 3145 2250 3210; baseline 0.002 -18"><span class='ocrx_word' id='word_1_516' title='bbox 1362 3146 1604 3197; x_wconf 61' lang='lat' dir='ltr'>restaurasse</span> <span class='ocrx_word' id='word_1_517' title='bbox 1634 3147 1863 3196; x_wconf 83' lang='lat' dir='ltr'>Ecclesiam</span> <span class='ocrx_word' id='word_1_518' title='bbox 1881 3179 1896 3204; x_wconf 80' lang='lat'>‚</span> <span class='ocrx_word' id='word_1_519' title='bbox 1927 3145 2250 3210; x_wconf 82' lang='lat' dir='ltr'>Diaconiasque</span> 
     </span>
    </p>

    <p class='ocr_par' dir='ltr' id='par_1_21' title="bbox 1361 3219 2255 3356">
     <span class='ocr_line' id='line_1_74' title="bbox 1361 3219 2255 3284; baseline -0.002 -19"><span class='ocrx_word' id='word_1_520' title='bbox 1361 3219 1622 3270; x_wconf 73' lang='lat' dir='ltr'>constituisse</span> <span class='ocrx_word' id='word_1_521' title='bbox 1632 3248 1646 3276; x_wconf 85' lang='lat'>,</span> <span class='ocrx_word' id='word_1_522' title='bbox 1663 3220 1722 3284; x_wconf 32' lang='lat' dir='ltr'>,in</span> <span class='ocrx_word' id='word_1_523' title='bbox 1738 3220 1888 3283; x_wconf 74' lang='lat' dir='ltr'>quibus</span> <span class='ocrx_word' id='word_1_524' title='bbox 1918 3223 2057 3272; x_wconf 81' lang='lat' dir='ltr'>multa</span> <span class='ocrx_word' id='word_1_525' title='bbox 2073 3219 2255 3283; x_wconf 65' lang='lat' dir='ltr'>bonas}-</span> 
     </span>
     <span class='ocr_line' id='line_1_75' title="bbox 2086 3292 2181 3356; baseline 0 -14"><span class='ocrx_word' id='word_1_526' title='bbox 2086 3292 2181 3356; x_wconf 62' lang='lat' dir='ltr'>stiffi·</span> 
     </span>
    </p>
   </div>
  </div>
 </body>
</html>
