2378 3674
450 280 691 332 SIVE
764 276 1175 331 LAPIDE
1252 271 1810 329 AMIAN‘TO.

188 346 407 405 Ulterius
424 351 736 418 Ellychnium
764 368 821 399 ex
840 349 1009 399 eodem
1031 351 1094 396 la-

117 422 227 491 pide
258 421 486 487 deputato
516 418 728 478 confeci,
760 419 888 488 quod
920 418 1096 467 immis-

114 491 220 540 sum
238 492 285 537 in
305 492 412 543 oleo
431 488 539 539 arsit
554 527 570 552 ,
601 491 750 539 donec
779 491 938 541 oleum
955 525 971 547 ,
1001 507 1092 555 quo

117 562 349 610 illinitum
381 557 568 621 fuerat,
596 561 790 610 duravit
812 596 828 618 ,
860 577 952 626 quo
984 577 1094 608 con-

113 629 304 698 sumpto
323 667 340 689 ,
355 649 449 679 non
471 630 699 688 obstante,
712 629 839 697 quod
860 632 906 676 in
926 624 1095 677 Lucere}

116 720 174 750 na
201 701 331 749 aliud
350 697 459 750 esset
485 701 644 750 oleum
661 735 677 757 ,
693 701 1003 748 nihilominus
1027 701 1095 767 ip-

116 771 222 819 sum
260 771 575 838 Ellychnium
607 770 870 824 extinctum
895 769 988 830 est3
1021 771 1094 817 id-

115 860 207 909 que
225 843 273 888 in
291 837 425 888 causa
446 836 532 889 esse
554 853 770 907 putarem
787 876 803 898 ,
822 842 928 908 quia
956 841 1095 906 parti·-

116 913 230 960 culae
249 911 458 980 lapidem
480 925 818 976 componentes
844 913 908 957 ita
938 909 1096 967 aridae,

113 984 164 1032 ὃ(
185 978 505 1029 minutiffimae
540 980 675 1037 sunt,
706 994 758 1028 ut
785 982 940 1030 nullos
959 997 1096 1047 poros

117 1054 239 1099 inter
268 1047 315 1100 se
334 1052 610 1100 contineant
628 1050 684 1098 ad
702 1046 1021 1119 affngendum,
1038 1064 1100 1098 at-

116 1120 499 1187 trahendumque
519 1121 693 1168 oleum.
716 1123 843 1168 Nam
863 1121 920 1168 ad
941 1122 1098 1169 Solem

64 1195 67 1197 Δ
117 1189 403 1247 observavi,
431 1189 603 1239 habens
633 1208 722 1259 prae
747 1191 961 1239 manibus
982 1192 1098 1256 lapi-

119 1262 232 1311 dem
250 1259 390 1308 istum
409 1262 798 1327 praeparatum,&
816 1261 976 1327 digitis
990 1278 1101 1308 eum

104 1332 262 1382 ‘frians
277 1366 293 1389 ‚
315 1335 489 1379 multas
507 1348 565 1379 ex
589 1332 671 1379 illo
689 1327 1033 1386 minutissimas,
1049 1349 1100 1378 ac

120 1401 296 1453 lucidas
332 1415 481 1469 partes
511 1403 719 1468 argentei
750 1402 949 1457 coloris,
977 1397 1099 1447 visui

117 1476 202 1522 vix
220 1469 568 1539 perceptibiles,
582 1468 800 1524 decidisse
816 1487 985 1536 ,quare
1007 1470 1102 1517 hal-

121 1543 319 1595 lucinari
358 1555 476 1608 puto
516 1541 829 1590 existimantes
855 1576 871 1598 ,
901 1541 1100 1607 Ellycli-

120 1617 197 1664 nia
230 1613 318 1661 hoc
350 1630 406 1661 ex
437 1609 592 1678 lapide
622 1609 780 1659 confici
821 1606 1102 1678 polie,cum

122 1683 418 1733 attractionis
452 1679 542 1729 lint
576 1682 785 1749 expertia
810 1716 826 1739 ,
854 1679 983 1748 quod
1021 1697 1102 1729 nea

119 1751 369 1805 cessarium
395 1753 443 1799 in
464 1750 630 1801 iisdem
653 1751 742 1802 est.

188 1823 484 1876 Periclitatus
517 1818 621 1873 sum
654 1822 800 1871 etiam
828 1822 948 1870 hunc
987 1822 1101 1889 lapi-2

121 1895 250 1950 dem,
270 1893 408 1941 illum
426 1892 708 1959 exponendo
729 1893 847 1961 ignis
871 1890 1102 1958 repercuss

120 1962 237 2014 sioni
266 1962 500 2011 vitreariae
519 1960 703 2013 ustrinae
723 1979 805 2030 per
837 1976 929 2012 tres
958 1963 1104 2009 conti-

122 2052 235 2082 nuas
251 2031 596 2089 hebdomadas,
623 2035 703 2097 qui
739 2031 836 2099 post
854 2029 1099 2099 praefatum

122 2118 310 2170 tempus
330 2100 496 2151 illaesus
513 2100 661 2155 evasit
676 2138 691 2161 ,
708 2100 783 2151 sed
803 2101 980 2170 aliquid
997 2119 1101 2170 pura

122 2174 256 2246 putei
274 2173 446 2221 coloris
467 2174 705 2223 contraxit
724 2207 736 2221 .

124 2246 127 2247 ⁷
169 2245 401 2311 Ligneam
424 2243 569 2291 etiam
587 2240 824 2310 desumpsi
841 2242 1098 2309 virgulam,

124 2329 265 2380 quam
301 2326 560 2379 praeparato
603 2314 820 2363 Amianti
849 2312 945 2360 lino
981 2329 1095 2377 qua-

122 2378 409 2450 quaversum
440 2382 646 2441 vestivi,
677 2384 849 2432 adeout
869 2381 1098 2431 nullum-³

123 2453 246 2520 ignis
265 2450 537 2499 contastum
556 2453 726 2504 sentire
742 2449 905 2521 posset,
923 2451 1095 2501 nihilo-

123 2525 280 2571 minus
311 2517 583 2571 candefasto
601 2524 728 2581 lino,
755 2521 889 2574 brevi
910 2522 1096 2590 virgula

124 2594 174 2640 in
205 2588 459 2640 carbonem
478 2590 700 2641 conversa
716 2588 809 2638 fuit
825 2627 837 2639 .

195 2662 324 2711 Hinc
342 2657 699 2728 sequitur,quod
720 2674 876 2710 totum
895 2659 961 2717 id,
973 2659 1099 2726 quod

124 2730 333 2791 exardet,
350 2730 663 2788 consumitur,
680 2744 728 2779 at
746 2731 965 2781 Amianti
986 2732 1101 2797 ignis

125 2813 366 2851 tormento
395 2798 630 2850 commiffi
654 2803 722 2848 nil
753 2801 937 2868 deperit
953 2835 969 2857 ,
991 2802 1098 2867 quia

125 2890 218 2920 non
243 2871 378 2921 ardet
393 2906 409 2928 ,
431 2888 580 2937 neque
596 2870 844 2919 flammam
860 2868 1035 2927 reddit,
1050 2871 1100 2920 δε

124 2942 343 3009 quamvis
369 2942 541 3008 ignitus
572 2939 651 2988 fiat
678 2977 692 2998 ,
730 2954 938 2990 attamen
967 2958 1101 2989 non..

122 3008 757 3062 comburitur.Consumitur
774 3011 1100 3069 nihilominus,

125 3084 241 3132 dum
259 3099 370 3131 eum
384 3080 684 3131 accendendo
701 3117 716 3137 ί,
737 3083 785 3130 ὃ(
806 3080 1099 3130 contrectan-

124 3152 206 3210 do,
220 3153 425 3218 aliquam
444 3149 512 3199 sui
528 3166 709 3218 partem
730 3152 926 3209 amittit,
939 3168 1101 3219 quam-

121 3223 195 3271 vis
214 3218 268 3269 sit
286 3219 557 3290 parvissima
583 3222 813 3288 quantitas
832 3258 847 3279 ,
875 3222 1100 3287 quoniam

121 3289 329 3343 eundem
347 3307 445 3343 tam
461 3305 593 3342 antea
612 3329 628 3351 ,
645 3294 785 3360 quam
807 3290 962 3363 postea
979 3329 995 3352 ,
1025 3296 1097 3354 ju-

2022 287 2048 319 2
2061 289 2084 318 2
2099 291 2120 320 1

1147 344 1336 395 stiffima
1371 345 1549 393 bilance
1581 341 1842 413 ponderavi
1866 376 1875 387 .

1219 417 1311 464 His
1332 413 1540 464 breviter
1563 414 1785 462 enarratis
1815 410 1871 458 de
1892 409 2024 475 huJus
2045 414 2123 460 Sa⁴¹⁹

1147 484 1398 534 lamandrae
1414 496 1577 531 natura
1594 518 1610 539 ,
1628 500 1750 532 nunc
1772 480 1830 529 ad
1849 479 2124 548 promissum

1147 553 1309 603 silandi
1328 553 1526 602 modum
1549 553 1753 600 devenio
1771 588 1781 597 .

1222 629 1492 690 Antequam
1518 624 1633 690 lapis
1652 621 1732 671 iste
1750 635 1916 670 neatur
1934 618 2123 687 sequen-2

1151 697 1188 743 ti
1205 692 1359 747 formai
1388 693 1713 761 praeparandus
1746 691 1808 740 est
1832 723 1854 737 .-
1877 692 2125 757 Accipitur

1147 767 1266 834 lapis
1286 798 1302 821 ,
1339 765 1388 815 ὃς
1417 761 1681 810 infunditur
1717 763 1762 809 in
1794 778 1961 827 aquam
1976 796 1994 818 ,
2029 778 2129 826 quae

1148 834 1242 902 quo
1271 834 1500 891 calidior,
1517 831 1573 881 eo
1594 829 1732 881 citius
1750 846 1969 900 operatur
1983 865 1999 887 ,
2037 829 2129 878 ibi·

1150 922 1240 974 que
1274 921 1353 972 per
1383 901 1574 969 aliquod
1601 904 1828 968 temporis
1850 900 2127 969 spatium,

1150 972 1278 1043 quod
1302 972 1362 1022 ad
1390 973 1639 1022 arbitrium
1658 971 1720 1020 est
1743 1008 1760 1030 ,
1794 974 1840 1018 in
1869 967 2127 1022 infusione,

1152 1045 1438 1113 relinquitur
1456 1080 1466 1091 .
1488 1041 1671 1097 Deinde
1704 1040 1916 1088 manibus
1944 1054 2128 1089 contre-

1152 1117 1305 1165 &atur
1321 1149 1336 1171 ,
1353 1113 1708 1181 perstringitur,
1735 1114 1783 1163 ὃς
1802 1112 2028 1159 dilatatur
2040 1145 2057 1168 ,
2077 1124 2129 1158 ut

1155 1205 1211 1235 ex
1231 1186 1313 1233 illo
1329 1183 1541 1250 quaedam
1554 1180 1818 1232 tenuiffima
1835 1194 1970 1230 exeat
1985 1194 2125 1237 terra,

1154 1275 1255 1323 quae
1283 1255 1340 1301 ad
1361 1252 1722 1301 similitudinem
1747 1249 1861 1300 albae
1880 1248 1944 1299 est
1963 1250 2098 1298 calcis
2113 1284 2127 1306 ,

1155 1341 1348 1392 quaeque
1366 1323 1533 1390 lapidis
1551 1321 1789 1371 filamenta
1810 1323 1933 1368 inter
1956 1319 1997 1367 se
2016 1337 2129 1367 con-

1153 1395 1307 1460 juncta
1334 1392 1531 1442 detinet.
1552 1394 1622 1438 Ex
1640 1391 1723 1439 hac
1743 1405 1865 1440 terra
1878 1407 1995 1456 aqua
2016 1388 2130 1437 den-

1155 1463 1199 1514 sa
1219 1462 1270 1511 fit
1285 1499 1301 1521 ,
1321 1465 1370 1513 &2
1386 1460 1632 1513 lactescens
1648 1497 1664 1518 ,
1682 1459 1770 1527 qua
1789 1457 1995 1528 projesta
2010 1476 2132 1507 nova

1155 1535 1268 1584 dein
1296 1529 1726 1602 superinfunditur,
1764 1532 1812 1581 ὃ(
1842 1528 2013 1578 iterum
2033 1545 2132 1576 ma·

1156 1603 1290 1653 nibus
1318 1603 1540 1652 dilatatur
1567 1637 1582 1660 ,
1603 1600 1755 1669 postea
1794 1597 2133 1667 obstringitur,

1157 1678 1207 1729 ὃς
1222 1675 1470 1743 premitur,
1489 1686 1542 1721 ut
1558 1691 1612 1721 ex
1632 1670 1754 1721 hisce
1773 1671 1948 1719 iteratis
1967 1685 2133 1736 opera-

1159 1743 1365 1797 tionibus
1388 1742 1444 1791 ab
1473 1743 1605 1790 omni
1634 1755 1862 1809 purgetur
1889 1739 2047 1799 calce;
2084 1739 2134 1788 &

1156 1820 1248 1867 liaec
1266 1814 1477 1882 operatio
1499 1810 1578 1861 fiet
1594 1812 1860 1879 quinquieS,
1874 1810 1923 1858 &
1941 1808 2132 1877 pluries,

1154 1889 1264 1955 quia
1281 1884 1342 1934 sic
1358 1885 1530 1952 magis,
1550 1879 1785 1949 magisque
1808 1882 1959 1927 linum
1980 1876 2035 1925 ab
2054 1880 2132 1925 he-

1155 1956 1420 2025 terogeneis
1449 1951 1659 2022 partibus
1678 1963 1903 2018 purgatur
1917 1984 1927 1994 .
1947 1945 2132 1996 Succes-

1155 2025 1251 2079 sive
1276 2036 1375 2074 tota
1394 2019 1532 2071 massa
1559 2040 1584 2071 e
1620 2019 1729 2071 vase
1753 2021 1965 2076 eruitur,
1985 2019 2034 2068 &
2069 2020 2134 2085 ip-

1155 2097 1255 2147 sum
1277 2106 1503 2164 purgatur
1519 2110 1601 2140 vas
1621 2130 1635 2152 ,
1651 2092 1758 2156 quia
1785 2091 1831 2137 in
1852 2085 1998 2136 fundo
2017 2089 2136 2137 mul·-

1153 2183 1200 2216 ta
1229 2169 1542 2231 heterogenea
1573 2173 1844 2210 remanent.
1876 2159 2134 2225 Experien—

1152 2240 1219 2286 tia
1239 2238 1372 2305 plura
1392 2229 1586 2281 docebit
1604 2266 1615 2276 .
1650 2230 1839 2297 Lapidis
1859 2225 2097 2276 filamenta
2113 2266 2131 2288 ,

1152 2326 1250 2376 qua-e
1280 2307 1428 2355 linum
1450 2301 1674 2370 appellari
1694 2294 1906 2367 possunt,
1934 2298 2133 2366 expansa

1154 2389 1392 2447 ponuntur
1408 2373 1545 2440 super
1558 2369 1751 2436 aliquod
1764 2367 2133 2426 canistrum,sive

1152 2447 1283 2496 aliud
1299 2443 1449 2494 fimile
1465 2479 1480 2501 ,
1498 2455 1550 2489 ut
1567 2437 1700 2490 facile
1734 2456 1850 2504 aqua
1870 2439 2129 2505 percolari,

1149 2513 1393 2571 &facilins
1410 2512 1560 2582 ipsum
1575 2513 1724 2561 linum
1743 2506 1962 2557 exsiccari
1977 2507 2131 2575 poffit.

1204 2591 1274 2636 Ex
1294 2585 1416 2634 hisce
1437 2595 1639 2651 quatuor
1659 2579 1876 2628 Amianti
1893 2574 2133 2645 speciebus

1154 2659 1408 2709 meliorem
1435 2653 1587 2720 reperi
1619 2652 1750 2698 illam
1767 2683 1782 2706 ,
1799 2664 1896 2713 quae
1915 2664 1971 2696 ex
1996 2645 2131 2697 Insu-

1155 2732 1199 2779 la
1228 2725 1421 2779 Corfica
1458 2720 1694 2777 defertur,
1730 2719 1840 2784 quia
1878 2717 2017 2785 longa
2033 2757 2048 2779 ,
2082 2719 2132 2769 &

1154 2800 1310 2849 mollis
1324 2792 1647 2860 est,Cypriam
1663 2787 1779 2837 vero
1796 2784 2013 2835 omnibus
2029 2789 2132 2836 aliis

1154 2868 1474 2923 deteriorem3
1500 2862 1608 2927 quia
1625 2877 1714 2907 non
1732 2854 1884 2906 solum
1916 2859 2132 2907 omnium

1155 2932 1426 2987 breviffima
1447 2968 1462 2991 ,
1480 2929 1558 2980 sed
1579 2927 1696 2978 adeo
1716 2927 1832 2977 dura
1852 2924 1916 2975 est
1930 2963 1946 2985 ,
1965 2941 2018 2975 ut
2049 2946 2130 2976 an-

1155 3022 1346 3074 tequam
1379 3005 1426 3050 in
1455 3017 1624 3068 aquam
1658 2997 1716 3047 ad
1738 2995 2130 3048 dissolvendum-a

1154 3088 1354 3147 ponatur
1381 3110 1396 3133 ,
1421 3070 1575 3122 ferreo
1613 3069 1788 3137 pistillo
1815 3069 1861 3116 in
1898 3071 2128 3118 mortario

1155 3158 1371 3216 oporteat
1392 3140 1564 3198 tundi,
1592 3142 1640 3190 &
1661 3139 1969 3187 nihilominus
1997 3137 2126 3187 diffi-

1153 3217 1242 3266 cile
1268 3234 1292 3263 a
1329 3229 1451 3263 terra
1470 3209 1738 3279 separatur3
1771 3207 1896 3257 unde
1919 3207 1978 3257 ad
2013 3226 2126 3259 nen..

1154 3289 1270 3339 dum
1289 3283 1414 3336 haud
1445 3279 1509 3333 est
1531 3293 1659 3351 apta.
2036 3348 2076 3396 C

2081 3364 2127 3396 0..
