2378 3674
255 222 353 266 186
634 207 751 258 DE
836 204 1229 255 SACRIS·
1320 202 1911 255 AEDIFICIIS

317 287 365 332 O
439 283 615 346 Magna
643 276 869 343 quadrata
902 274 1042 320 turris
1075 309 1092 331 ,
1127 291 1229 339 quae
1356 275 1400 320 R
1474 276 1659 328 FonteS,
1680 275 1726 319 in
1745 273 1912 338 quibus
1933 275 2101 325 Turcae
2121 288 2256 327 antea

248 354 365 403 olim
390 367 474 418 pro
507 361 843 413 campanarum
885 343 971 391 usu
1001 341 1228 393 inservie·
1282 341 1477 408 Templi
1494 336 1744 408 ingreffurn
1759 340 1803 389 se
1824 358 2044 411 purgant.

248 421 329 470 bat
346 457 356 469 ,
1350 413 1379 458 S
1453 413 1649 459 Atrium
1664 425 1769 459 ante
1786 410 2047 479 Templum
2068 453 2078 463 .

314 494 350 541 P
423 486 607 553 Gradus
637 521 654 542 ‚
682 484 763 550 qui
793 481 1004 550 praebent
1031 480 1225 531 descen·
1350 481 1397 528 T
1468 479 1733 540 Cubicula,
1767 498 1867 547 quae
1899 480 2006 530 sunt
2035 487 2157 535 circa
2182 489 2253 535 A·

246 559 350 608 sum
368 558 426 606 ad
453 555 759 603 hauriendam
787 571 957 621 aquam
975 569 1057 620 per
1078 549 1223 600 tubu-
1278 552 1424 600 trium
1448 589 1459 600 .

249 633 316 679 los
333 623 651 697 profilientem
668 659 685 681 ,
713 641 813 690 quae
826 625 873 671 in
889 641 1057 689 magna
1073 620 1225 670 cister·
1350 625 1399 671 V
1473 622 1624 670 Locus
1648 656 1665 679 ,
1693 623 1741 669 in
1766 634 1860 687 quo
1900 639 2093 691 magnus
2126 643 2252 692 aquae

246 719 320 756 na,
339 713 420 765 per
438 707 597 743 totum
617 693 852 742 ambitum
867 694 1062 759 Templi
1080 694 1125 739 S.
1143 693 1225 739 So·
1279 692 1524 741 cantharus
1541 691 1606 740 est
1619 726 1630 738 .

249 770 366 837 phiae
381 784 406 816 e
424 762 739 831 superioribus
758 764 891 814 te8tis
909 761 1192 813 descendens
1206 796 1223 818 ,
1350 765 1398 811 Χ
1436 762 1641 839 quvum
1655 762 1954 841 oftangqlafe
1972 761 2253 840 Texpplum,

250 847 564 903 congregatur
585 871 595 880 .
1279 829 1409 898 quod
1431 830 1551 879 ohm
1568 848 1653 898 pro
1674 833 1884 880 Sacrano
1903 829 2189 881 mservoebat
2209 868 2220 879 .

318 908 391 971 Q
426 908 590 973 januae
605 905 858 954 exteriores
877 903 1086 971 Templi.

1018 1294 1518 1346 FINIS.

2008 3258 2224 3311 INDEX
