2378 3674
806 307 1312 360 CAPUT
1426 306 1495 357 X.

214 378 367 430 Variae
386 374 493 422 sunt
511 376 806 440 conjecturae,
833 395 932 444 quae
951 394 1028 425 me
1069 377 1127 425 ad

143 453 231 498 hoc
247 448 536 496 credendum
558 449 789 496 inducunt
809 483 818 493 .
851 448 1004 495 Prima
1034 446 1097 496 est
1111 483 1127 506 ,

142 519 269 586 quod
284 517 612 566 animadverto
627 553 643 575 ,
661 535 751 565 non
766 515 871 565 casu
887 552 902 575 ,
932 514 1008 566 sed
1036 520 1122 567 im,

141 591 336 651 alicujus
352 590 416 635 rei
439 582 721 655 symbolum
754 589 854 634 illas
888 586 1055 655 figuras
1073 590 1120 635 in

142 657 266 706 Tab.
283 662 451 708 XXX.
467 661 514 707 ὃ(
530 661 725 708 XXXI.
741 677 764 703 a
782 656 1119 706 Construstore

140 728 397 777 delineatas
413 723 546 774 fuisse
568 763 578 772 .
613 730 739 774 Nam
758 726 824 773 ibi
842 729 961 774 varii
986 729 1119 795 pueri

139 799 252 846 alati
268 810 542 854 cernuntur,
557 799 636 862 qui
652 799 718 844 nil
738 795 868 844 aliud
884 795 1123 864 repraesen-

141 880 273 924 tant,
302 864 388 913 nifi
415 868 591 914 Genios
612 905 626 926 ,
662 885 745 935 pro
782 869 1072 915 Numinibus
1099 887 1124 915 a

140 954 271 985 coeca
320 938 606 986 Gentilitate
651 938 835 986 habitos
864 973 880 996 ,
915 953 1123 1004 quorum

141 1007 410 1055 Geniorum
447 1005 656 1055 infinitus
675 1023 773 1057 erat
787 1025 1005 1056 numerus
1023 1043 1039 1065 ,
1071 1021 1124 1056 ut

140 1077 443 1123 narravimus
461 1080 509 1125 in
525 1076 679 1127 nostro
705 1094 843 1146 opere
870 1078 927 1126 de
957 1082 1120 1128 Veter.

138 1147 351 1195 Monim.
370 1163 501 1215 parte
523 1166 562 1195 1.
580 1167 679 1216 cap.
699 1153 789 1199 IX.
806 1146 962 1214 ibique
978 1150 1122 1196 etiam

140 1215 432 1265 ostendimus
455 1223 473 1278 (
494 1218 621 1284 quod
639 1236 722 1285 pro
744 1217 943 1267 secunda
965 1223 1119 1280 conje-

140 1286 273 1334 stura
313 1283 368 1334 fit
397 1296 417 1348 )
455 1287 672 1337 Proceres
687 1325 702 1346 ,
743 1292 791 1338 ἓ(
837 1291 1086 1355 Magnates
1105 1322 1120 1343 ,

139 1356 363 1423 Templis
380 1356 438 1404 ad
452 1358 751 1407 recondenda
772 1357 1000 1406 cadavera
1017 1354 1121 1405 usos

137 1421 270 1474 fuiffe
291 1460 301 1471 .
334 1427 495 1492 Qare
513 1447 537 1475 a
553 1430 756 1477 veritate
775 1429 981 1476 alienum
1004 1421 1123 1477 esseJ

140 1496 338 1543 minim&
366 1494 530 1545 censeo
550 1533 565 1554 ,
606 1496 641 1545 fi
670 1499 758 1546 hoc
789 1495 947 1545 nobile
981 1497 1123 1546 Tem-

140 1565 277 1633 plum
288 1563 344 1612 ab
359 1566 516 1631 aliquo
535 1571 831 1634 Imperatore
847 1569 892 1614 in
914 1566 994 1615 suo
1017 1584 1124 1634 prae-

141 1635 224 1682 dio
240 1635 1126 1704 constructumstociqueGenio,scilicet

141 1705 325 1752 Baccho
360 1705 573 1755 dicatum
601 1704 750 1766 fuisse,
775 1703 983 1764 asseram,
1013 1707 1121 1773 quia

140 1771 208 1821 ibi
224 1771 409 1822 fortass'e
428 1778 576 1825 vineae
596 1792 743 1835 erant,
777 1775 930 1842 sicque
947 1775 1004 1824 ad
1036 1777 1118 1823 bo-

139 1860 253 1891 num
280 1845 462 1902 vinum,
497 1845 765 1913 bonamque
799 1845 1118 1914 colligendam

140 1913 455 1969 vindemiam,
472 1918 614 1964 Genii
633 1936 747 1966 uvas
761 1953 776 1975 ‚
797 1914 1113 1981 racemosque,

140 1980 377 2033 &similia
391 2003 533 2034 manu
552 2000 757 2036 tenentes
782 1984 912 2035 fuere
931 1982 1117 2052 expres-

139 2051 205 2112 fi,
236 2071 438 2118 quorum
473 2059 723 2114 nonnulli,
759 2070 808 2104 ut
834 2057 1039 2104 numeris
1078 2073 1117 2101 1.

142 2140 188 2169 2.
206 2136 249 2180 3.
269 2141 315 2185 4.
338 2140 380 2183 5.
401 2134 450 2172 6.
481 2144 505 2175 e
522 2128 648 2175 collo
669 2126 837 2195 singuli
861 2126 1116 2194 pendulam

138 2192 316 2241 habent
334 2192 538 2253 bullam,
556 2215 656 2262 quae
675 2197 866 2264 puerilis
896 2194 1115 2244 nobilita·

140 2264 200 2310 tis
221 2261 398 2331 insigne
418 2280 534 2323 erat,
555 2281 607 2313 ut
624 2270 763 2315 docet
796 2268 972 2314 Plinius
991 2265 1115 2312 libro

144 2344 224 2389 33.
254 2351 354 2399 cap.
392 2353 431 2381 1.
473 2338 779 2406 Qlapropter
813 2354 918 2384 mea
959 2333 1121 2383 confir-

143 2413 302 2448 matur
320 2406 584 2462 conjeehira
602 2443 617 2464 ,
649 2407 776 2474 quod
795 2425 879 2474 pro
912 2406 1119 2454 Proceri-

142 2467 227 2516 bus
248 2505 264 2526 ,
297 2474 692 2542 Magnatibusque
720 2480 851 2526 locus
884 2474 966 2524 iste
1006 2492 1119 2523 con·

143 2537 344 2588 structus
357 2540 504 2590 fuerit
520 2579 530 2589 .
565 2548 741 2595 Itidem
761 2550 808 2595 in
835 2546 999 2594 eadem
1019 2561 1121 2612 por-

143 2609 397 2676 phyretica
409 2629 527 2670 arca,
545 2633 596 2663 ac
612 2617 656 2662 in
670 2618 814 2665 latere
834 2614 1010 2681 signato
1029 2616 1119 2661 litt.

142 2682 207 2726 A.
231 2681 281 2725 B.
301 2683 357 2729 C.
373 2679 589 2741 observo,
603 2686 730 2750 quod
748 2685 811 2733 ibi
827 2698 918 2733 tres
934 2683 1037 2732 sunt
1054 2684 1119 2732 ol-

141 2749 196 2797 lae
211 2783 227 2805 ,
260 2766 358 2814 quae
378 2752 444 2797 nil
465 2753 594 2802 aliud
611 2755 838 2804 denotant
852 2789 868 2810 ,
901 2751 984 2801 nifi
1001 2754 1115 2801 ollas

142 2818 245 2866 illas
259 2854 276 2875 ,
305 2836 403 2885 quae
422 2818 646 2871 Offuariae
665 2822 1021 2892 appellabantur
1036 2858 1051 2880 ,
1070 2824 1115 2869 in

141 2886 312 2953 quibus
353 2890 531 2939 cineres
563 2927 579 2949 ,
613 2894 662 2942 &
696 2895 983 2942 cadaverum
1014 2910 1113 2941 cre-

141 2970 382 3006 matorum
430 2958 522 3008 ossa
565 2962 910 3030 reponebantur
951 2999 962 3010 .
1007 2965 1115 3011 Mos

142 3025 225 3075 iste
246 3028 293 3074 in
329 3029 482 3096 aliqua
517 3049 684 3100 magna
719 3053 824 3082 arca
858 3034 1010 3081 varios
1043 3032 1120 3080 de-

141 3092 414 3147 funetorum
448 3101 655 3160 cineres,
691 3106 833 3152 variis
855 3103 901 3148 in
934 3100 1117 3150 vasibus

2065 328 2083 360 1

1180 375 1379 445 ipsemet
1409 377 1663 427 oculariter
1684 375 1804 435 vidi,
1824 377 1868 424 in
1888 378 2056 445 quibus
2083 326 2157 430 “35

1179 446 1320 495 versae
1337 461 1467 496 erant
1484 466 1615 505 arcae,
1627 467 1650 497 e
1666 450 1823 515 lapide
1838 450 2037 516 piperite
2052 469 2159 499 con-

1177 515 1375 574 strustae,
1393 536 1504 584 quas
1526 520 1646 566 intra
1665 520 1763 566 aliae
1795 536 1948 585 parvae
1982 523 2158 586 pariter

1174 599 1305 634 erant
1322 622 1331 632 .
1362 590 1462 635 Has
1486 605 1648 637 omnes
1677 586 1938 655 descripsit,
1959 608 2010 636 ac
2032 589 2152 638 deli-

1173 658 1335 705 neavit
1352 658 1661 706 Kircherusin
1679 656 1758 707 suo
1788 659 1925 707 Latio
1958 677 2058 726 cap.
2108 675 2153 717 3.

1174 729 1244 773 Ex
1265 744 1358 792 quo
1373 728 1569 795 colligO,
1592 730 1715 794 quod
1748 746 1916 794 magna
1936 747 2039 777 arca
2061 748 2154 778 non

1175 814 1341 853 unum,
1358 795 1432 845 sed
1452 800 1584 864 plura
1603 796 1814 860 ejusdem
1834 797 2025 847 familiae
2049 818 2149 848 cre-

1175 880 1301 914 mata
1330 866 1558 915 cadavera
1590 870 1636 914 in
1658 869 1700 916 se
1725 869 1984 917 contineret
2001 904 2010 915 .
2049 871 2151 918 Ha·

1177 935 1317 985 bebat
1363 938 1508 984 etiam
1552 937 1677 986 idem
1707 940 1956 986 Furiorum
1996 936 2149 1006 sepul-

1176 1008 1341 1054 chrum
1361 1008 1562 1069 injanuae
1577 1006 1850 1056 summitate
1867 1006 2007 1075 iplius
2021 1007 2155 1056 fami-

1176 1078 1247 1124 liae
1270 1078 1444 1124 Genios
1462 1073 1709 1145 expressos,
1727 1092 1778 1125 ut
1794 1080 2012 1126 laudatus
2043 1081 2149 1126 Kir-

1174 1148 1336 1194 cherus
1358 1144 1647 1204 observavit,
1685 1166 1783 1214 quae
1811 1150 1970 1196 omnia
1998 1155 2152 1211 conje-

1173 1216 1325 1264 &uras
1343 1215 1516 1263 nostras
1537 1214 1742 1264 firmant.

1245 1288 1357 1332 Non
1388 1282 1555 1342 obstat,
1577 1284 1705 1351 quod
1734 1283 1790 1332 ab
1817 1285 1974 1351 aliquo
1991 1304 2148 1335 rerum

1173 1356 1473 1420 antiquarum
1495 1354 1648 1403 minus
1679 1355 1865 1405 erudito
1902 1351 2030 1403 asseri
2068 1375 2149 1403 va-

1175 1428 1287 1481 leat,
1302 1426 1347 1470 in
1364 1422 1482 1471 Tab.
1502 1429 1672 1476 XXX·
1691 1427 1888 1473 lit.C.D.
1907 1428 2149 1475 nonnullas

1175 1496 1302 1544 cerni
1325 1512 1501 1551 cruces,
1522 1513 1630 1542 nam
1656 1497 1763 1542 huic
1783 1493 2042 1557 objeff'tioni
2082 1514 2149 1544 re-

1178 1562 1392 1633 sponderi
1416 1561 1533 1631 poffe
1555 1580 1751 1613 autumo
1768 1600 1784 1622 ,
1819 1565 2006 1633 lignum
2029 1565 2150 1615 illud

1177 1653 1270 1684 non
1312 1651 1499 1682 crucem
1518 1670 1533 1692 ,
1570 1632 1649 1684 sed
1683 1649 1881 1701 quatuor
1921 1635 2148 1684 denotare

1178 1707 1428 1760 elementa,
1451 1704 1579 1770 quod
1612 1706 1738 1773 apud
1764 1707 2014 1773 Agyptios
2052 1703 2145 1753 fre-

1171 1792 1315 1842 quens
1331 1772 1614 1840 symbolum
1635 1789 1749 1832 erat,
1765 1789 1815 1822 ut
1832 1776 2035 1824 ostenuit
2068 1793 2152 1823 nu-

1173 1863 1253 1912 per
1285 1846 1455 1892 citatus
1484 1846 1737 1893 Kircherus
1769 1846 1814 1891 in
1835 1843 1915 1892 suo
1946 1845 2149 1910 OEuipo

1172 1915 1452 1981 AEgyptiaco
1471 1914 1563 1962 To.
1583 1932 1628 1961 2.
1649 1932 1743 1982 par.
1771 1932 1814 1961 2.
1831 1933 1870 1961 c.
1893 1933 1938 1977 4.
1957 1915 2058 1964 &al
2073 1912 2148 1961 2bi.

1240 1985 1484 2041 Praeterea,
1502 1998 1556 2031 ut
1576 2003 1600 2030 a
1620 1987 1937 2033 recentiorum
1967 1985 2146 2031 senten-

1173 2055 1237 2102 tia
1256 2053 1516 2111 declinem,
1535 2071 1746 2111 moveor,
1763 2055 1872 2120 quia
1885 2052 2151 2102 Constanti-

1169 2142 1253 2172 nus
1284 2122 1476 2172 deceffit
1507 2142 1627 2172 anno
1666 2138 1778 2183 337.
1812 2121 2150 2172 S.Constantia

1170 2195 1284 2243 vero
1302 2211 1423 2239 anno
1447 2208 1560 2256 354.
1584 2195 1633 2243 ὅ(
1653 2191 1713 2241 fic
1746 2193 1845 2259 post
1881 2194 2027 2239 Patris
2047 2190 2150 2240 obi-

1171 2278 1273 2312 tum
1295 2280 1414 2310 anno
1433 2261 1624 2311 decimo
1643 2262 1863 2329 septimo,
1892 2279 1985 2327 quo
2021 2279 2143 2311 anno

1173 2331 1435 2401 imperabat
1470 2334 1517 2379 in
1558 2333 1761 2382 Oriente
1821 2330 2143 2380 Constantius.

1177 2406 1319 2457 Unde
1341 2398 1509 2451 inferre
1549 2398 1724 2450 neceffe
1746 2400 1838 2458 est,
1873 2400 2148 2468 praediCtam

1173 2491 1327 2522 arcam
1358 2489 1451 2519 non
1483 2469 1634 2520 solum
1666 2469 1805 2538 paulo
1838 2486 1945 2519 ante
1979 2470 2151 2519 Sanetae

1175 2540 1461 2594 Constantia?
1479 2540 1686 2598 obitum,
1701 2539 1776 2588 sed
1790 2541 1927 2608 long&
1945 2538 2150 2588 anterius

1172 2608 1302 2662 fuisse
1321 2609 1567 2678 sculptam,
1584 2627 1753 2676 nempe
1771 2612 1822 2657 iis
1837 2611 1883 2656 in
1903 2607 2147 2665 saeculisfin

1170 2682 1340 2750 quibus
1359 2681 1487 2729 bonae
1503 2679 1740 2729 florebant
1754 2692 1872 2727 artes
1889 2714 1905 2735 ‚
1939 2692 1989 2724 ut
2009 2676 2149 2745 ipsa..

1168 2755 1383 2802 caelatura
1399 2748 1704 2798 demonstrat.
2029 2804 2035 2811 ί

1240 2823 1458 2884 Denique
1479 2817 1606 2874 satis,
1626 2815 1852 2884 superque
1874 2817 1920 2863 in
1955 2834 2058 2865 mea
2075 2814 2149 2864 fir·

1169 2908 1274 2939 mor
1293 2888 1520 2938 sententia
1536 2922 1553 2944 ,
1582 2887 1698 2935 dum
1716 2900 1884 2953 reputo
1903 2921 1918 2943 ,
1952 2888 2148 2935 omnino

1171 2958 1374 3015 eundem
1409 2953 1496 3006 esse
1533 2954 1752 3024 opificem
1771 2992 1786 3014 ,
1817 2970 1914 3004 tam
1963 2954 2145 3005 Mufivi

1171 3030 1340 3097 operis,
1355 3029 1492 3093 quam
1515 3029 1659 3074 etiam
1690 3044 1803 3074 arcae
1839 3044 2115 3074 marmoreae
2132 3061 2148 3084 ‚

1169 3114 1221 3147 ut
1239 3116 1295 3147 ex
1315 3095 1571 3165 figurarum
1590 3095 1914 3145 uniformitate
1937 3096 2144 3153 deduco,

142 3164 314 3230 pofitos
335 3170 765 3230 recondendi,satis
785 3173 978 3223 elicitur
995 3188 1019 3219 e
1034 3189 1112 3220 ve·
1165 3188 1254 3236 qua
1270 3167 1329 3217 de
1350 3185 1396 3215 re
1416 3164 1525 3215 cum
1541 3168 1694 3234 operis
1726 3164 1908 3214 Mufivi
1927 3202 1943 3224 ,
1965 3168 2014 3217 ὃ(
2032 3184 2147 3215 arcae

141 3235 230 3280 teri
260 3241 513 3289 Furiorum
540 3239 817 3310 sepulchro,
843 3242 888 3288 in
919 3254 1113 3292 monte„
1166 3239 1391 3306 imagines
1428 3250 1593 3304 utpote
1633 3238 1980 3304 elegantiores,
2014 3237 2148 3285 alia-0

140 3300 411 3360 Tusculano
439 3312 631 3364 detesto
646 3332 766 3364 anno
808 3319 906 3364 166
910 3329 953 3374 5.
983 3310 1113 3379 quod
1165 3323 1379 3377 tempora
1406 3304 1582 3375 sapiant
1604 3342 1620 3366 ,
1639 3311 1780 3374 quam
1813 3305 2147 3366 Constantini,

1995 3393 2144 3443 neque
