2378 3674
509 191 541 240 '3
751 186 1199 237 VETERA
1284 181 2021 232 MONJMENTA

442 288 935 362 prauat5,eorroseque
961 287 1092 343 sunt3
1124 298 1173 333 vt
1188 285 1261 332 vix
1286 281 1396 352 di-A
1602 282 1644 326 C
1679 281 1725 327 A
1766 282 1801 327 P
1835 282 1876 328 V
1908 278 1951 328 T
2019 282 2110 329 IV.

441 365 593 431 gnosci
616 362 934 429 poffintJuxta
950 355 1223 406 Testimonia
1236 352 1350 401 mihi

441 438 575 483 relata
591 465 606 489 ,
635 430 763 499 quasi
777 430 987 478 foeminas
1017 422 1189 472 fortasse
1204 438 1350 488 repre-
1409 418 1628 486 Expofitio
1642 419 1833 469 duorum
1848 420 2300 489 Sarcophagorumfi.‘

438 501 630 553 sentant:
649 501 803 549 Ass'ero
815 517 890 564 per
910 496 1009 544 istas
1026 495 1230 557 feminas3
1245 508 1348 538 am·
1440 507 1565 540 crum
1577 485 1862 558 ‘Baptffmatis
1873 491 2031 539 Rimm
2056 488 2257 537 indic-an-

441 573 518 622 bas
536 571 740 620 Ecclefias
754 600 769 625 ,
787 585 947 634 nempe
963 585 1014 613 ex
1031 561 1341 613 Circumcifio-
1473 561 1602 615 tium,
1615 576 1800 624 quorum
1811 557 2010 622 occafione
2024 571 2221 609 veterum
2287 576 2289 578 ·

440 661 496 690 ne
512 675 527 699 ‚
559 651 604 690 &
622 638 843 689 Gentibus
873 636 1054 684 indicari
1071 666 1086 690 >
1123 647 1173 681 vt
1186 633 1342 680 annui·
1502 629 1847 698 ‘Baptismalium
1863 631 2068 680 Fontium
2077 643 2188 696 ΡΜ-

437 729 538 761 mus
550 714 597 760 in
611 709 795 759 Ecclesia
809 712 847 757 S.
862 706 1019 767 Sabine
1033 736 1048 760 ‚
1078 703 1212 752 nostri
1225 719 1331 769 ope-
1588 700 1749 767 firtim
1777 698 2065 761 Lateranenfis
2083 728 2099 754 2

437 785 495 831 ris
508 815 523 838 ‚
541 786 636 831 Vet.
654 783 786 828 Mon.
816 794 911 842 cap.
929 792 955 823 2
967 792 1002 823 1·
1032 777 1087 823 In
1117 774 1249 820 latere
1275 770 1328 819 fi-
1630 785 1697 826 ω’
1710 769 1912 834 Pgsszrum
1921 769 2053 832 osten„

438 867 578 918 gnato
595 854 666 899 M.
681 850 817 911 celata
834 845 1084 911 perhibetur
1099 843 1257 890 mulier
1270 840 1333 889 se·
1729 840 1852 888 ditur
1861 836 1964 901 for-

438 922 546 968 dens
562 952 579 976 ,
604 922 724 966 cuius
740 916 915 964 dextera
932 913 1177 980 serpentem
1191 931 1244 961 ex
1259 929 1334 960 vr-
1782 924 1858 955 ma
1876 939 1890 949 .

437 1006 494 1035 na
510 988 726 1036 detrahit:
749 990 824 1032 An
842 1002 948 1033 vero
960 983 1049 1049 ipse
1065 982 1239 1051 serpens
1256 1014 1271 1039 2
1289 1001 1343 1030 ex

439 1057 597 1107 eadem
626 1055 851 1122 prosiliens
879 1071 987 1102 vrna
1019 1054 1214 1101 mulieris
1235 1071 1331 1096 ma-
1346 1087 1378 1124 Β
1512 1049 1735 1097 RIMVM
1761 1042 2292 1109 Christianze'Religionis

434 1144 548 1175 num
565 1126 769 1174 mordeat
786 1157 802 1177 ,
829 1120 1035 1183 distingui
1054 1117 1242 1164 minime
1259 1136 1340 1183 po-
1531 1117 1809 1184 mysterium,
1827 1114 1896 1162 seu
1911 1117 2110 1180 primum
2142 1116 2289 1159 Sacra)-

433 1196 510 1246 test
536 1227 552 1250 ‚
603 1211 707 1241 cum
732 1189 870 1256 figure
898 1187 1067 1235 ibidem
1101 1187 1288 1253 expreffeg
1315 1187 1340 1234 a
1398 1199 1602 1232 mentum
1618 1186 1766 1250 ,quod
1785 1183 1841 1231 ad
1857 1183 2043 1233 salutern
2070 1185 2291 1231 Ianuam„

433 1267 572 1332 longa
601 1278 822 1312 annorum
869 1257 973 1305 serie
1015 1257 1173 1320 detrite
1204 1256 1288 1304 sint
1322 1274 1338 1313 3
1395 1252 1569 1320 pandit,
1585 1252 1754 1300 sacrum
1771 1251 1829 1298 est
1845 1252 2145 1317 Baptismum,
2159 1249 2286 1315 quod

431 1333 733 1402 quamobrem
764 1348 867 1378 cum
913 1326 1110 1393 dignosci
1144 1327 1340 1374 minime·
1398 1324 1606 1388 expreffis
1641 1322 1953 1389 pronunciauit
1983 1320 2127 1368 verbis
2153 1318 2285 1383 ipsius

434 1406 696 1473 permittant
712 1434 728 1459 ,
756 1417 834 1449 nec
848 1402 945 1465 Ego
962 1396 1165 1464 Oedipus
1181 1397 1258 1445 sim
1273 1428 1289 1454 ‚
1313 1396 1339 1445 εὶ
1397 1390 1545 1441 salutis
1560 1397 1751 1449 AuCtor,
1768 1394 1921 1439 IESVS
1963 1389 2290 1439 CHRISTVSs

438 1476 677 1542 prolixiore
694 1474 872 1520 illarum
886 1469 1177 1536 explicatione
1206 1467 1336 1515 absti-
1395 1461 1506 1510 ditm
1523 1462 1634 1511 dixit
1645 1458 1918 1509 Nicodemo:
1924 1465 2066 1510 Amen
2082 1472 2208 1506 amen
2220 1458 2291 1505 di-

432 1562 518 1594 neo
537 1583 549 1592 .
582 1543 657 1593 Ad
694 1542 906 1592 vltimam
938 1538 1126 1587 deuenio
1155 1556 1301 1585 arcam
1319 1569 1336 1594 ‚
1391 1552 1436 1581 co
1453 1533 1633 1597 tibi,nifi
1644 1534 1738 1598 quis
1755 1545 1923 1582 renatus
1924 1528 2067 1596 fiderit
2082 1546 2137 1576 ex
2152 1543 2286 1591 aqua,

431 1631 592 1678 nempe
609 1612 664 1660 ad
683 1612 900 1676 fignatam
913 1610 1031 1657 lit.L.
1046 1641 1062 1663 ‚
1078 1607 1333 1673 queitidem
1392 1619 1459 1661 ξς*
1473 1605 1641 1673 Spiritu
1674 1601 1833 1653 SanHo
1850 1619 1935 1651 non
1962 1599 2091 1667 potest
2106 1597 2282 1646 introire

437 1696 560 1730 extra
579 1680 814 1727 Ecclesiam
844 1682 883 1725 S.
902 1678 1079 1724 Ioannis
1112 1677 1301 1742 Baptiste
1318 1708 1333 1732 ,
1390 1674 1439 1720 in
1454 1678 1654 1737 Regnum
1679 1676 1801 1722 DEI
1814 1709 1825 1718 .
1855 1674 1979 1718 Ioan.
1994 1685 2088 1734 cap.
2110 1682 2153 1726 3.
2168 1683 2214 1712 n.
2238 1681 2275 1724 5.

433 1752 648 1802 collocata
665 1749 722 1796 est
738 1779 752 1802 ,
781 1750 828 1793 in
860 1749 979 1793 cuius
1008 1746 1131 1792 faciei
1153 1746 1301 1793 medio
1318 1778 1333 1804 ‚
1391 1741 1598 1789 Medium
1613 1744 1733 1788 enim
1748 1739 1915 1806 est,quo
1928 1740 2066 1807 geniti
2085 1735 2278 1791 mundo,

432 1820 516 1868 stat
532 1818 814 1883 Redemptor
830 1817 971 1863 noster
989 1815 1184 1864 Christus
1204 1847 1218 1871 ‚
1253 1819 1328 1882 qui
1333 1850 1374 1893 C
1389 1824 1698 1876 regenerantur
1713 1808 1978 1876 gratiemam
1995 1826 2070 1874 per
2088 1805 2282 1853 ablutio-

434 1889 833 1954 finistraVolumen
848 1886 1113 1933 obuolutum
1143 1888 1330 1952 porrigit
1386 1897 1493 1928 nem
1508 1882 1704 1946 corporis
1732 1880 1912 1927 diluitur
1927 1880 2076 1926 anima
2090 1908 2106 1932 ,
2137 1885 2181 1924 δέ
2199 1893 2276 1941 per

433 1958 610 2007 cuidam
628 1961 753 2013 viro,
780 1959 857 2023 qui
883 1953 992 2004 illud
1037 1957 1083 2002 in
1099 1973 1248 2021 panno
1263 1955 1331 2003 su-
1390 1949 1583 1999 eiusdem
1615 1949 1948 1998 immersionem
1979 1945 2278 1995 §submersio-

435 2047 513 2095 per
526 2028 732 2076 manibus
744 2025 962 2093 expanso,
986 2027 1068 2072 reci
1074 2028 1163 2091 pit3
1179 2026 1334 2074 fortas·
1392 2022 1503 2068 nein
1521 2023 1672 2087 ignem
1705 2035 1906 2082 eternum
1942 2013 2277 2066 11'beratur.lure

432 2098 475 2146 se
491 2116 566 2165 per
580 2098 657 2145 ha's
675 2099 890 2162 imagines
907 2100 1051 2144 Pieror
1066 2127 1081 2150 7
1112 2095 1196 2143 fiue
1212 2098 1330 2143 Scul-

438 2182 542 2234 ptor
561 2165 863 2212 demonstrare
884 2163 1038 2210 voluit
1051 2194 1068 2218 ,
1099 2165 1327 2214 diuinam„

437 2237 565 2285 illam
591 2235 833 2280 iussioncm
861 2231 1090 2297 Apostolis
1129 2231 1280 2283 datam
1315 2253 1327 2282 :

434 2309 601 2356 Euntes
614 2305 661 2352 in
678 2304 936 2366 vniuetfiam
949 2304 1166 2353 mundum
1171 2306 1328 2373 praedi-

437 2389 525 2423 cate
542 2374 832 2438 ‚Euangelium
846 2375 963 2421 omni
975 2388 1192 2430 creaturae5
1206 2375 1327 2423 iuxta

434 2447 578 2493 Marc.
603 2452 675 2492 16.
700 2458 718 2490 1
734 2455 769 2501 5.
799 2441 1069 2491 Notandum
1088 2443 1172 2499 est,
1202 2445 1326 2510 quod

1391 2092 1535 2156 prima
1551 2092 1802 2138 communis
1819 2089 2036 2154 naufragi)
2051 2101 2277 2149 nuncupa-

1389 2173 1459 2206 tur
1472 2160 1642 2208 Tabula
1657 2191 1673 2216 ‚
1703 2163 1821 2207 cuius
1836 2158 2022 2225 presidio
2054 2171 2272 2221 tanquam

1385 2232 1503 2277 Arca
1518 2234 1622 2279 Noe
1641 2229 1695 2279 ab
1724 2231 1873 2278 illuuie
1889 2242 2166 2295 peccatorum
2182 2255 2198 2280 ³
2229 2231 2274 2271 Sc

1386 2297 1654 2366 sempiterno
1672 2302 1851 2348 interitu
1883 2299 2086 2346 homines
2103 2294 2272 2341 subtra-

1385 2368 1562 2417 huntur.
1576 2374 1672 2418 Hoc
1689 2371 1875 2418 humani
1891 2369 2058 2434 generis
2076 2363 2163 2430 ipse
2182 2363 2274 2409 Re-'

1385 2437 1595 2506 demptor
1608 2440 1736 2487 nobis
1770 2439 1917 2506 palam
1935 2438 2034 2486 fecit
2052 2468 2066 2490 ,
2096 2435 2203 2480 dum
2222 2435 2269 2478 in

436 2513 677 2579 Euangelia
710 2514 864 2578 primis
893 2512 1073 2575 Ecclefie
1114 2517 1326 2581 tempori-
1382 2510 1567 2558 Iordane
1589 2511 1773 2558 flumine
1804 2509 1829 2558 ἃ
1849 2513 2012 2557 Ioanne
2040 2503 2268 2570 Baptista„

437 2583 542 2637 bus)
580 2586 626 2628 in
657 2581 960 2630 voluminibus
991 2584 1280 2634 exarabantur
1312 2615 1371 2657 ,D
1388 2577 1604 2647 baptizari
1647 2582 1819 2630 voluit.
1852 2582 1918 2628 Sic
1960 2592 2107 2624 narrat
2155 2573 2267 2620 sacer

436 2655 530 2715 Hec
548 2651 646 2698 sunt
668 2685 682 2708 ,
709 2669 805 2717 quae
822 2651 875 2698 de
891 2652 1030 2700 allatis
1046 2655 1236 2710 Arcis,:?t
1252 2675 1324 2705 me
1383 2649 1659 2716 Euangelista
1689 2653 1865 2698 Marcus
1894 2667 1974 2714 cap
2013 2665 2051 2696 1.
2067 2663 2110 2693 n·
2127 2662 2171 2699 9·
2201 2647 2263 2690 In

505 2739 597 2770 non
614 2719 828 2788 speetatis,
843 2719 913 2768 sed
930 2735 1105 2770 tantum
1118 2726 1257 2774 trans-

576 2793 717 2841 missis
765 2792 978 2857 explicare
1008 2792 1181 2860 sategi5

627 2867 705 2910 An
732 2866 944 2927 puniitum
978 2865 1135 2930 attige-

678 2935 761 2980 rim
779 2962 794 2986 ,
815 2946 862 2979 tu
877 2931 965 2996 ipse
981 2932 1054 2979 be-

734 3004 867 3066 nigne
883 3005 1034 3049 Lector

814 3070 959 3118 aduer-

850 3155 926 3195 tes.

1379 2721 1525 2772 diebus
1557 2723 1644 2770 illl}
1656 2725 1778 2770 venit
1804 2726 1834 2770 I
1841 2725 1908 2771 ES
1915 2723 1990 2769 VS
2005 2721 2030 2764 [z
2057 2717 2114 2764 N
2116 2725 2263 2778 azaret

1384 2794 1567 2847 Galam,
1584 2807 1649 2848 ω’
1665 2791 1907 2859 baptizatus
1924 2787 1980 2852 est
1996 2788 2022 2833 ὰ
2038 2790 2200 2834 Ioanne
2213 2783 2260 2829 in

1381 2862 1570 2909 Iordane
1585 2893 1595 2903 ·
1617 2862 1784 2907 Passim
1801 2861 1884 2906 hoc
1898 2854 2097 2903 mirabile
2118 2855 2263 2898 Sacra-

1380 2944 1583 2977 mentum
1601 2961 1615 2985 ,
1645 2929 1737 2977 tam
1757 2928 1779 2975 ἓι
1800 2926 1942 2994 priscis
1961 2956 1975 2980 ,
1999 2919 2174 2989 qua-ma
2194 2938 2260 2966 re-

1382 3000 1646 3047 centioribus
1673 2998 1887 3047 Fidelibus
1905 2993 2067 3060 μῖξαι-ἂ
2083 3023 2096 3046 ,
2124 3003 2258 3055 atque

1381 3067 1599 3136 sculptura
1626 3063 1863 3133 expressum
1890 3065 2151 3131 proponitur
2164 3091 2178 3114 ,
2206 3075 2256 3105 vt

1382 3141 1606 3187 innuimus
1621 3143 1667 3187 in
1681 3135 1938 3186 Tab.LXX.
1955 3139 1998 3183 8,
2016 3131 2194 3182 Ioannis
2212 3131 2260 3175 in

1382 3211 1505 3259 fonte
1518 3214 1732 3270 Rauenne
1754 3209 1800 3254 in
1836 3208 1979 3272 prima
2011 3216 2131 3271 parte
2161 3216 2255 3264 cap.

2023 3287 2189 3331 25.no-
