2378 3674
742 274 1245 327 CAPUT

99 343 248 395 cleliis
268 345 299 393 si
312 343 558 402 desideres,
578 346 688 395 vide
705 345 989 415 Turrigium
1002 363 1079 412 pa-

97 416 206 485 gina
232 421 337 464 188.
358 417 406 464 ὃζ
433 421 539 474 189.

168 486 408 534 Hastenus
443 500 602 534 autem
624 487 682 535 de
705 486 908 533 externis
930 499 1072 533 vetu-

97 555 171 603 stte
206 553 411 604 Basilica?
429 555 635 623 partibus
666 555 822 602 astum
841 553 905 602 est
923 590 933 600 .
967 558 1072 603 Cae-

95 637 253 672 terum
274 627 411 693 longe
448 627 636 688 majoris
663 622 988 689 amplitudinis
1010 623 1076 672 est

93 711 220 742 nova
249 693 442 744 Basilica
470 731 486 752 ,
528 709 662 743 vetus
693 692 950 759 Templum
988 695 1075 739 cii·-

93 763 319 813 cumdans
347 767 393 810 in
412 763 612 811 formam
631 764 815 818 Crucis,
830 776 882 810 ut
899 764 944 809 in
962 765 1069 812 Ich-

93 835 377 901 nographica
400 832 644 883 Tab.VII.
665 830 748 880 sub
766 834 836 879 lit.
863 835 905 879 S.
923 832 1068 881 osten—

95 903 224 951 ditur
237 939 254 960 ,
272 904 420 969 quain
437 904 643 952 ornanda
658 940 674 961 ,
687 902 984 971 postJulium
1002 906 1067 951 II.

91 975 170 1038 qui
201 974 352 1020 veteri
371 972 589 1036 disjecta,
618 990 791 1022 novam
823 971 1069 1021 Basilicam

89 1041 362 1098 inchoavit,
394 1045 561 1109 reliqui
582 1044 858 1111 posteriores
890 1046 1070 1092 Roma-

87 1112 135 1157 ni
174 1110 419 1162 Pontifices
454 1114 698 1162 certavere
728 1150 743 1170 ‚
793 1132 876 1161 nec
915 1114 1066 1161 adhuc

87 1180 293 1248 glorioso
310 1186 556 1232 certamini
585 1182 685 1231 finis
713 1181 778 1232 est
806 1181 1068 1250 impositus,

88 1249 196 1297 cum
215 1253 262 1298 in
281 1251 378 1300 dies
392 1252 569 1312 decori,
585 1256 633 1304 ὃς
655 1255 894 1320 elegantiae
911 1271 1066 1301 novus

85 1318 228 1369 decor
254 1322 460 1370 accedat.
484 1328 585 1374 Nec
615 1327 662 1371 in
676 1323 882 1373 ornanda
911 1320 1064 1371 solum

87 1393 307 1438 certatim
340 1392 674 1453 elaborarunt,
706 1393 784 1441 sed
808 1395 950 1443 etiam
980 1395 1066 1441 in.‚

87 1461 324 1527 augenda:
346 1463 518 1512 adeout
534 1467 700 1513 Paulus
719 1461 1068 1532 V.Burghesius

86 1533 260 1578 Graecae
281 1535 447 1580 Crucis
476 1533 673 1602 figuram
692 1570 707 1591 ,
737 1551 878 1600 quam
906 1533 1065 1582 cidem

85 1618 219 1648 novae
250 1599 452 1650 Basilicae
480 1604 813 1653 celeberrimus
844 1605 1063 1654 Archite-

82 1670 186 1717 &us
219 1673 490 1721 Bramantes
510 1674 723 1730 dederat,
738 1674 968 1739 producto
986 1692 1064 1721 an-

84 1742 246 1788 teriori
267 1740 455 1790 brachio
471 1778 486 1799 ,
510 1742 587 1791 seu
607 1742 724 1810 pede
750 1746 798 1789 in
816 1743 1060 1792 formam-2

83 1811 250 1858 Crucis
273 1811 447 1859 Latinae
465 1848 481 1870 ,
501 1814 713 1860 Antonio
732 1814 946 1879 Sangallo
974 1818 1061 1860 Ar-

84 1879 287 1928 chittho
303 1885 597 1931 converterit
617 1918 627 1928 .
648 1881 738 1930 Sed
760 1881 883 1930 hisce
905 1882 962 1931 de
987 1900 1058 1931 re-

79 1949 164 1997 bus
187 1950 393 2017 plurima
424 1951 570 2002 disces
599 1950 753 2010 abiis,
785 1953 864 2018 qui
892 1952 1058 2001 eadem

76 2017 334 2087 operosiori
372 2023 555 2071 calamo
604 2020 709 2077 sunt
756 2019 1058 2089 prosequuti3

74 2091 310 2158 praecipu&
340 2093 455 2139 vero
478 2112 502 2139 a
518 2097 705 2161 Joanne
726 2090 926 2158 Baptista
961 2096 1056 2141 Co-

75 2158 258 2227 staguto
285 2163 480 2211 Seniore
518 2164 649 2210 Pauli
681 2164 812 2230 Papae
854 2167 918 2212 V.
957 2165 1056 2210 Do-

76 2228 178 2278 mus
216 2229 470 2290 Praefecto,
510 2235 588 2300 qui
619 2246 749 2281 anno'
776 2232 1056 2294 1620.ejus-

77 2297 190 2346 dem
223 2299 426 2350 Basilicae
458 2316 556 2350 tam
586 2304 878 2360 exteriores,
909 2306 1052 2368 quam

75 2368 318 2417 interiores
348 2386 498 2438 partes
533 2375 666 2422 aeneis
703 2409 718 2430 ‚
748 2369 1054 2440 ,niagnisques

78 2436 277 2484 Tabulis
303 2440 587 2499 delineatas,
623 2463 674 2491 ac
701 2446 822 2491 notis
849 2442 1051 2490 illustra-

77 2520 143 2554 tas
160 2542 174 2562 ,
194 2505 371 2573 publici
387 2514 500 2573 juris
529 2511 642 2562 fecit
663 2550 678 2570 ,
704 2515 752 2561 ἃ
780 2513 889 2561 cum
911 2510 971 2560 ob
994 2514 1047 2560 il-

76 2578 228 2625 larum
254 2580 496 2628 rar-itatem
511 2618 528 2639 ,
565 2597 702 2650 atque
723 2584 1051 2631 excellentiam

74 2663 248 2711 magno
279 2646 557 2698 haberentur
575 2655 621 2700 in
650 2653 828 2720 pretio,
852 2654 952 2700 illas
975 2652 1050 2701 de-

56 2711 168 2763 'nuo
191 2718 402 2783 imprimi
439 2722 596 2768 voluit
631 2726 822 2789 loannes
848 2721 1049 2788 Baptista

75 2783 353 2852 Costagutus
371 2779 774 2858 Junior,Collegii
796 2789 1048 2841 Illustriffi-

70 2872 292 2913 morum,
315 2859 364 2906 δε
394 2859 912 2909 Reverendiffimorum
946 2864 1047 2909 Do·

70 2926 317 2973 minorum
352 2929 656 2978 Clericorum
677 2934 887 2979 Camerae
917 2934 1048 2997 Apo-

71 2993 242 3043 stolicae
270 2999 483 3047 Decanus
511 3032 524 3054 ,
569 3002 741 3067 quique
773 2998 830 3046 ad
857 2999 1048 3066 praesens

71 3064 243 3112 merito
258 3066 466 3133 Purpura
482 3070 726 3118 decoratus
740 3106 756 3128 ,
772 3071 1048 3117 Eminentia?

68 3134 209 3182 titulo
236 3137 410 3203 gaudet
445 3175 460 3197 ,
492 3143 662 3207 cuique
690 3158 771 3189 nos
799 3137 1045 3187 devinctos

65 3200 154 3251 esse
181 3201 382 3254 fatemur
399 3243 414 3265 ,
436 3207 545 3257 cum
575 3228 668 3258 uno
691 3228 749 3259 ex
768 3210 860 3256 illis
883 3226 1040 3256 exem-

135 3343 239 3393 Par.
257 3343 344 3394 III.

1345 274 1375 323 Ι
1407 276 1462 327 V.
2049 295 2110 339 41

1133 342 1367 392 Musaeum
1387 381 1398 391 .
1434 347 1536 392 Nos
1562 343 1690 393 enim
1719 344 1851 411 plura
1870 343 1928 393 de
1948 362 2113 396 nova„

1134 412 1324 461 Basilica
1344 414 1525 462 tradere
1555 420 1658 477 jure
1684 411 1892 482 fugimus
1909 451 1924 472 ,
1956 415 2107 466 cum„

1132 485 1265 531 unic&
1284 484 1342 532 de
1365 483 1558 532 vetustis
1576 484 1790 532 Eccleliis
1816 501 1952 552 agere
1969 522 1985 543 ,
2012 492 2109 548 jam

1131 552 1188 600 ab
1210 555 1349 602 initio
1369 556 1542 620 operis,
1561 551 1957 621 proposuerimus.
1980 557 2110 622 Qa-

1127 636 1318 690 propter
1337 659 1353 681 ,
1391 637 1442 671 ut
1474 625 1532 671 ad
1563 642 1647 681 ea,
1676 640 1775 689 quae
1802 625 1859 672 ad
1888 643 1970 672 nos
2001 628 2110 673 atti-

1125 706 1234 740 nent
1250 729 1266 750 ,
1286 707 1596 750 revertamur,
1614 693 1670 741 ab
1694 694 2008 743 exterioribus
2025 714 2105 743 an-

1125 765 1265 829 tiquae
1295 764 1432 827 hujus
1465 762 1677 812 Ecclefiae
1695 762 1928 831 partibus,
1961 766 2020 814 ad
2038 768 2106 813 in-

1124 846 1365 890 ternas,ac
1391 832 1638 902 singulares
1676 831 1970 882 transibimus
1987 870 2003 892 ,
2041 834 2098 882 ab

1122 920 1283 950 earum
1320 902 1555 971 digniori,
1592 901 1817 956 videlicet
1850 902 1907 952 ab
1945 905 2103 953 Altari

1121 976 1298 1036 Nlajori
1316 1010 1332 1031 ,
1361 976 1627 1023 inchoantes
1645 1011 1656 1021 .

1349 1114 1761 1166 SECTIO
1831 1119 1873 1164 I.

1118 1254 1187 1302 De
1203 1255 1356 1304 Altari
1373 1250 1550 1318 Majori
1566 1253 1614 1301 S.
1631 1253 1787 1310 Petri,
1820 1260 1874 1304 &¹
1897 1261 1957 1305 iis
1972 1290 1988 1313 ,
2015 1275 2097 1323 quae

1256 1337 1376 1371 erant
1392 1326 1440 1370 in
1456 1321 1646 1388 Bffllicae
1663 1323 1821 1390 Abside
1831 1359 1847 1380 ,
1879 1345 1957 1378 cve

1498 1390 1698 1442 Tribuna
1716 1427 1726 1438 .

1126 1550 1166 1579 1,
1285 1532 1440 1580 Tabat
1482 1537 1577 1596 jam
1612 1534 1740 1581 mole
1775 1551 1868 1581 non
1911 1533 2062 1583 minus
2079 1573 2096 1594 ,

1307 1606 1447 1669 quam
1464 1604 1597 1650 cultu
1626 1601 1887 1670 spectabilis
1907 1607 2096 1653 Vatica-

1113 1687 1169 1718 na
1192 1670 1404 1730 Basilica,
1420 1672 1808 1722 Constantinianae
1827 1676 1989 1741 pietati
2009 1711 2025 1732 ,
2041 1695 2094 1724 ac

1113 1741 1466 1807 magnificentiae
1482 1761 1562 1809 par
1583 1760 1715 1809 opuS,
1735 1741 1844 1791 cum
1863 1746 1909 1791 in
1926 1744 2094 1793 decora

1112 1811 1345 1860 nobiliora
1364 1814 1466 1880 pius
1485 1810 1636 1861 Caesar
1654 1814 1944 1871 incumbens,
1965 1832 2093 1861 aram

1114 1882 1374 1927 maximam
1390 1918 1407 1938 ,
1434 1881 1490 1927 ad
1518 1879 1716 1930 Bafilicae
1734 1897 1875 1950 caput
1888 1919 1904 1939 ,
1924 1887 2094 1945 majori

1113 1947 1559 2016 Tribunae,navique
1575 1950 1840 2000 transversae
1867 1953 2093 2011 mediam,

1111 2022 1342 2069 excitavit
1357 2056 1373 2077 ,
1391 2034 1444 2068 ut
1461 2019 1693 2068 indicatur
1725 2023 1770 2068 in
1789 2020 2090 2072 Tabul.VII.

1115 2089 1588 2158 Ichnographica,sub
1606 2108 1734 2139 num.
1747 2111 1787 2139 1.
1803 2095 1942 2140 Hanc
1962 2110 2091 2141 aram

1112 2163 1153 2206 S.
1171 2159 1415 2227 sylvester
1430 2178 1762 2218 marmoream,
1785 2160 2091 2228 stabilemque

1110 2227 1330 2277 aedificari
1361 2227 1498 2277 suasit
1530 2266 1547 2286 ,
1579 2228 1687 2277 cum
1716 2244 1846 2279 antea
1883 2233 2049 2298 ligneis
2075 2270 2090 2291 ,

1106 2297 1456 2366 mobilibusque
1486 2302 1534 2347 in
1554 2300 1796 2348 Altaribus
1825 2302 2086 2351 celebrare-

1106 2384 1182 2417 tur
1200 2406 1215 2427 ,
1234 2383 1286 2417 ut
1309 2372 1398 2418 huc
1418 2371 1550 2426 illuc,
1572 2369 1854 2437 urgentibus
1872 2369 2086 2437 persecu-

1105 2442 1292 2489 ti0num
1325 2440 1546 2508 procellis
1562 2475 1578 2497 ,
1616 2439 1963 2507 asportarentur
1980 2477 1995 2498 ,
2032 2443 2088 2489 il-

1104 2512 1290 2575 lamque
1308 2546 1323 2567 ,
1341 2507 1604 2560 Chrismate
1639 2508 1767 2557 sacro
1790 2509 2053 2559 delibutam
2070 2548 2087 2569 ‚

1105 2580 1411 2637 consecravit,
1427 2577 1646 2645 juffitque
1664 2581 1712 2626 in
1729 2577 2083 2647 posterum,haec

1105 2649 1200 2718 ipsa
1218 2686 1233 2707 ,
1253 2652 1299 2697 in
1320 2651 1561 2697 Altarium
1577 2649 1832 2706 strucstura,
1858 2652 1908 2699 ἃ
1924 2647 2084 2697 conse-

1101 2722 1309 2770 cratione
1329 2757 1344 2778 ,
1363 2720 1534 2769 servari
1552 2755 1561 2765 .
1578 2718 1890 2782 Qadruplici
1910 2720 2082 2786 angulo

1103 2789 1229 2838 istius
1245 2809 1330 2838 arae
1350 2827 1366 2847 ,
1388 2803 1587 2855 quatuor
1604 2788 1788 2834 eximiae
1804 2784 1971 2854 speciei
2002 2807 2081 2837 co-

1101 2862 1284 2908 lumnas
1313 2877 1338 2906 e
1359 2856 1669 2924 porphyrite,
1696 2854 1912 2923 apposuit
1928 2893 1944 2914 ,
1981 2877 2082 2925 quae

1101 2926 1442 2978 nobiliffimum
1454 2937 1733 2990 argenteum
1751 2940 1938 2994 tegmen
1951 2964 1967 2985 ,
1983 2927 2081 2978 five

1100 2995 1365 3064 suggestum
1381 2994 1658 3043 deauratum
1684 2992 1928 3056 fulcirent,
1943 3017 1967 3044 a
1985 3017 2079 3065 quo

1099 3070 1466 3132 circumquaque
1497 3063 1762 3115 Cherubim
1790 3068 1928 3117 turba
1965 3087 2078 3136 pen-

1099 3135 1270 3184 debat.

1162 3209 1217 3254 In
1246 3205 1383 3267 hujus
1412 3206 1585 3254 Altaris
1601 3210 1785 3256 interno
1811 3205 1909 3256 finu
1927 3244 1944 3265 ,
1966 3210 2077 3256 San-2

62 3272 270 3341 plaribus
296 3276 504 3330 nostrum
535 3283 798 3331 literarium
815 3279 1043 3326 ditaverit
1093 3273 1348 3325 &tissimum
1365 3294 1530 3343 corpus
1559 3280 1610 3325 B.
1631 3279 1756 3327 Petri
1774 3279 2074 3328 reconditum

1581 3352 1616 3396 F
1966 3345 2073 3407 fuit,
