2378 3674
229 346 441 446 etot,
479 343 537 429 fi
563 372 784 427 nunc
819 342 1652 456 existeret,·tanquam
1684 347 2041 459 optimus
2064 376 2225 431 mae

228 535 579 618 gnosum
630 505 1095 619 Principum
1158 501 1634 597 aestimator,
1699 510 1973 593 omnia
2017 538 2225 623 quae=

229 697 550 782 cunque
583 649 884 778 scripsit
927 664 1424 757 Volumina,
1486 663 1781 749 offerre
1828 665 2076 765 Tibi,
2138 668 2229 752 &T

230 856 699 941 nuncupare
759 855 927 907 non
987 823 1457 908 dubitaret.
1525 825 1785 921 Quod
1849 823 1971 907 illi
2031 826 2232 908 dura

230 987 648 1071 necessitas
708 1007 986 1079 vetat,
1047 983 1251 1070 mihi
1307 982 1523 1065 illius
1587 981 1906 1068 labores
1967 985 2050 1067 in
2113 985 2235 1068 lu-

231 1179 409 1232 cem
470 1145 884 1259 publicam
933 1144 1418 1237 revocanti,
1479 1147 1932 1258 propitium
1991 1145 2234 1258 sydus

232 1307 603 1421 indulget
649 1338 668 1390 :
728 1304 970 1422 quare
1019 1301 1493 1388 honorificae
1553 1303 1783 1392 sortis
1832 1308 2096 1393 vicem
2147 1305 2241 1386 li-

231 1472 513 1557 benter
557 1499 915 1582 occupo,
958 1467 1047 1553 &
1091 1465 1638 1550 consecrando
1692 1476 2242 1551 AMPLITUDINI

234 1634 444 1716 TUAE
506 1631 924 1720 Volumen
970 1628 1216 1724 istud,
1276 1597 1655 1712 Arrestoris
1697 1648 2056 1712 mentem
2100 1621 2241 1705 mi-

234 1794 320 1880 hi
367 1795 650 1876 videor
697 1788 1187 1903 adimplere.

353 1955 512 2039 Sed
549 1954 864 2037 utinam
899 1951 1079 2035 talis
1121 1947 1358 2033 effem
1390 2015 1410 2043 ‚
1451 1972 1540 2031 ut
1572 1952 1672 2035 ad
1710 1949 1870 2034 hoc
1905 1974 2199 2032 munus
2228 2009 2249 2037 ,

236 2113 764 2228 officiumque
806 2109 1249 2196 sufficerem
1270 2181 1289 2210 ‚
1321 2109 1411 2197 &
1440 2135 1714 2196 coram
1750 2110 1953 2198 tanti
1999 2105 2256 2192 nomi-

239 2281 362 2364 nis
401 2283 622 2357 VIRO
669 2272 764 2359 ea
808 2341 826 2368 ,
885 2271 1048 2389 qua
1097 2295 1512 2385 oporteret
1564 2270 1947 2358 facundia
2003 2264 2253 2352 confi-

243 2440 438 2523 stere
481 2504 502 2533 ,
566 2439 656 2524 ὃς
707 2435 936 2548 loqui
977 2430 1283 2547 poffem
1325 2498 1343 2517 .
1408 2433 1744 2548 Quippe
1814 2427 2254 2517 conturbat

243 2630 373 2683 me
427 2597 930 2709 Magnitudo
991 2599 1179 2679 Tua
1230 2658 1249 2687 ‚
1312 2591 1750 2680 confundit
1832 2591 2256 2679 Nobilitas

247 2767 475 2856 Tua,
509 2762 859 2845 deterret
895 2754 1298 2868 Sapientia
1326 2756 1547 2848 Tua3
1603 2761 1693 2846 &
1748 2756 1971 2874 quafi
2011 2758 2265 2844 homo

120 2942 123 2945 ’
250 2920 629 3035 prodigio
677 2918 948 3030 aliquo
1006 2916 1403 3006 attonitus
1434 2987 1453 3015 ,
1515 2945 1652 3008 aut
1695 2922 1918 3034 Solis
1977 2921 2263 3008 adver-

252 3080 339 3166 sa
381 3082 559 3164 luce
616 3079 1149 3168 obumbratus
1179 3145 1200 3173 ,
1243 3078 1461 3192 ‘quid
1504 3080 1775 3163 dicam
1825 3106 1994 3161 non
2043 3077 2266 3164 inve·

2081 3235 2219 3320 nio
2238 3303 2259 3330 ,
