2378 3674
277 317 385 370 1462
647 307 693 356 D
729 306 765 354 E
835 305 868 352 S
906 304 951 352 A
985 304 1024 353 C
1058 304 1103 353 R
1140 302 1166 350 I
1200 303 1232 351 S

270 374 535 440 hujusmodi
556 373 710 422 tabula
729 374 1064 428 narrationem,
1083 372 1230 438 expli-

270 450 593 510 cationemque
613 441 995 509 prosequeremur
1010 477 1026 499 ,
1044 440 1165 498 satis,
1183 460 1233 488 ac

270 515 406 564 satius
435 513 489 561 fit
516 512 876 578 Inscriptionem
898 508 1109 575 ejusdem
1138 511 1235 560 Ta-

272 584 386 633 bulae
405 581 574 631 referre
592 616 608 638 ‚
624 598 722 646 quae
748 579 809 629 fic
824 579 867 630 se
887 580 1046 630 habet.

604 652 805 701 MENO
823 653 906 700 ΟΕ

652 724 864 772 XXIIII
883 724 929 768 D

612 791 894 839 EDICATI

531 862 578 908 O
600 860 813 908 BEATE
838 863 992 909 MAR

474 931 538 977 IE
576 933 623 980 X
662 932 802 981 VVL
835 931 1058 980 VILLA.

335 1001 473 1048 Hanc
492 1000 556 1045 ita
586 1000 836 1050 Kircherus
867 1001 1203 1069 interpretatur
1223 1035 1233 1045 .

265 1069 420 1137 Mens}
437 1068 641 1118 Oilobris
657 1070 728 1119 die
749 1087 827 1134 24.
862 1070 1073 1120 dedicatio
1099 1071 1240 1120 Beacae

266 1138 429 1189 Mariae
457 1144 505 1186 in
539 1141 654 1191 Vult.
688 1143 809 1191 villa}
830 1177 840 1186 .
862 1143 963 1188 Nos
982 1156 1141 1189 autem
1163 1137 1237 1187 fic:

266 1210 578 1271 MILLENO
628 1211 959 1260 CENTENO
1012 1213 1238 1263 XXIIII.

267 1280 648 1329 DEDICATIO
720 1283 756 1328 B
771 1283 807 1327 E
828 1284 874 1327 A
895 1281 937 1327 T
954 1285 1001 1329 A
1023 1284 1059 1329 E
1109 1284 1239 1328 MA-

267 1350 427 1399 RIAE
461 1352 534 1398 IN
575 1351 926 1400 VVLTVRIS
966 1356 1014 1401 V
1031 1357 1053 1401 l
1072 1351 1108 1396 L
1125 1351 1161 1397 L
1176 1352 1238 1396 A.

280 1419 776 1468 Animadvertendum
797 1423 922 1468 enim
952 1422 1044 1479 est,
1063 1418 1243 1468 sextam

266 1490 453 1538 literam
474 1506 562 1536 non
582 1486 667 1537 esse
687 1493 746 1537 D.
770 1503 822 1536 ut
839 1494 1033 1556 exponit
1051 1489 1242 1538 Kirche-

268 1576 361 1615 rus,
389 1556 469 1606 sed
496 1559 548 1605 E.
569 1572 706 1625 atque
736 1558 843 1608 ideo
875 1561 988 1611 diem
1016 1559 1068 1610 eei
1099 1558 1237 1609 litera

274 1628 593 1677 denotarinon
615 1627 737 1696 posse
758 1666 767 1676 .
799 1631 805 1638 ’
1075 1640 1078 1641 ’

336 1696 482 1761 Quod
498 1696 607 1745 vero
621 1699 714 1747 haec
732 1697 885 1747 tabula
901 1700 1243 1750 duodecimum

268 1765 490 1814 saeculum
513 1768 636 1815 oleat
651 1804 667 1826 ,
687 1787 779 1816 non
799 1768 950 1817 solum
973 1790 996 1820 e
1015 1773 1119 1820 rudi
1138 1773 1240 1837 opi⁴

264 1834 374 1884 ficio
392 1836 679 1895 deducitur,
707 1837 785 1888 sed
801 1857 858 1887 ex
889 1839 1027 1908 ipfius
1066 1843 1245 1909 opificis

265 1909 456 1956 nomine
473 1942 489 1964 ,
506 1906 633 1973 quod
654 1911 745 1957 tale
765 1908 828 1957 est
846 1946 856 1955 .

594 1980 902 2046 MAGISTE

596 2049 641 2094 R
660 2049 934 2098 GVILIEL

598 2120 651 2163 M
663 2121 741 2166 VS
758 2121 957 2169 FECIT

632 2190 722 2236 OC
759 2189 942 2237 OPVS.

336 2254 524 2300 Nomen
553 2257 682 2303 enim
715 2259 969 2306 Guillelmi
998 2274 1242 2330 tempore,

264 2323 425 2370 Caroli
448 2325 614 2389 Magni
635 2327 681 2372 in
700 2329 889 2375 Italiam
906 2330 1093 2378 illatum
1112 2328 1202 2379 fuit
1222 2366 1237 2388 ,

266 2405 603 2458 proptereaque
623 2394 912 2445 Constantini
926 2395 1118 2448 Caesaris
1136 2419 1235 2449 aevo

266 2460 449 2526 prorsus
469 2462 735 2510 inauditum
759 2502 768 2511 .

336 2530 381 2576 Si
408 2543 566 2578 autem
587 2530 725 2599 ipsius
744 2534 955 2584 Ecclesiae
979 2556 1138 2586 muros
1153 2574 1168 2595 ‚
1188 2540 1255 2601 &-

266 2596 660 2649 construCtionem
678 2600 866 2669 species,
881 2608 1007 2653 nulla
1023 2609 1110 2655 alia
1125 2621 1238 2656 tem-

265 2685 378 2734 pora
407 2669 612 2718 indicare
635 2673 857 2720 videntur
876 2709 891 2730 ,
910 2673 991 2723 nifi
1020 2694 1097 2733 ea,
1133 2694 1232 2741 quae

266 2737 507 2786 decimum
522 2738 738 2788 saeculum
757 2741 1032 2809 respiciunt,
1044 2763 1150 2793 nam
1163 2763 1233 2792 ar·-

265 2808 406 2854 cusin
434 2822 628 2857 acutum
663 2814 889 2879 angulum
924 2812 1168 2872 desinunt,
1189 2816 1239 2865 &

263 2871 386 2922 fama
412 2873 502 2924 sert
518 2915 533 2935 ,
552 2881 669 2927 olim
687 2898 831 2948 prope
851 2883 965 2931 hanc
983 2882 1237 2933 Ecclesiam

264 2947 521 2995 Monachos
538 2947 754 2999 habitasse
771 2987 787 3009 ,
808 2971 921 3018 quos
936 2953 1130 3019 quidem
1148 2972 1235 3022 ego

266 3013 588 3065 Benedifflnos
603 3017 734 3068 fuisse
751 3025 1040 3087 putaverim,
1054 3042 1111 3082 cx
1124 3028 1233 3073 Mo-

1356 373 1473 420 Haec
1493 373 1638 438 igitur
1659 371 1865 422 AEdificia
1885 375 2019 434 sunt,
2034 395 2133 442 quae
2151 380 2256 426 Ma-

1287 458 1403 508 gnus
1434 441 1766 492 Constantinus
1786 444 1834 489 in
1862 446 2126 497 Occidente
2146 466 2258 495 con-

1288 511 1456 559 struxit
1472 547 1488 568 ,
1507 509 1585 560 sed
1602 513 1692 558 alia
1710 508 1892 561 fortasse
1913 516 2044 580 plura
2060 515 2257 566 aedifica-

1289 582 1382 638 vit,
1399 598 1495 646 quae
1512 582 1590 630 vel
1607 580 1668 629 ob
1689 583 1986 649 Scriptorum
2002 583 2260 645 defectum,

1291 650 1448 700 velob
1480 651 1740 700 eorundem
1759 653 1979 700 notitiam
2007 656 2131 720 apud
2156 675 2259 705 om-

1292 725 1485 783 nesjam
1502 719 1733 769 oblivioni
1749 723 1989 780 traditam,
2009 721 2087 771 seu
2107 725 2261 792 potius

1291 791 1410 838 mihi
1443 789 1624 857 prorsus
1642 792 1861 840 latentem
1879 828 1894 849 ,
1916 795 1961 839 in
1980 791 2180 842 obscuro
2197 800 2262 857 ja—

1291 873 1419 916 cent,
1433 877 1518 908 nec
1538 861 1634 908 ulla
1649 857 1719 910 sui
1733 863 2023 928 reliquerunt
2041 863 2235 931 vestigia
2251 900 2261 910 .

1287 929 1425 978 Nihil
1442 931 1567 978 enim
1586 933 1786 998 tempori
1804 933 2094 999 impervium
2115 934 2264 991 est,ni-

1291 1000 1360 1047 hil
1396 997 1616 1048 vetustati
1648 1019 1740 1048 non
1773 999 2060 1069 penetrabile
2090 1039 2106 1061 ,
2144 1004 2261 1051 nihil

1292 1068 1417 1136 quod
1435 1066 1930 1140 ob110xium⁹longaevae
1951 1074 2098 1120 aetatis
2117 1073 2262 1121 edaci-

1296 1140 1377 1186 tati
1394 1156 1486 1185 non
1503 1136 1728 1187 fit.Modo
1743 1157 1901 1190 autem
1916 1158 1971 1190 ex
2000 1142 2264 1192 Occidente

1294 1208 1351 1259 ad
1367 1209 1620 1260 Orientem
1634 1208 1877 1260 transitum
1893 1208 2119 1261 faciamus
2133 1249 2143 1259 .

1470 1351 1512 1397 C
1550 1353 1597 1398 A
1635 1350 1670 1397 P
1708 1352 1759 1404 U
1797 1352 1841 1400 T
1915 1356 2112 1404 XXIII.

1292 1490 1362 1541 De
1386 1481 1576 1555 νΕετίιψέι
1622 1492 1842 1556 Sepulchri
1888 1493 2071 1542 Domini
2107 1527 2122 1548 ,
2157 1488 2264 1557 five

1374 1561 1603 1611 Dominicae
1632 1563 1973 1629 Resitrrec‘iionis
1992 1599 2008 1620 ,
2046 1561 2179 1613 Mar-

1406 1635 1548 1698 fyrion
1566 1634 1791 1697 appellata,
1817 1633 1865 1682 H
1867 1633 2142 1702 ierosolymis-

1478 1772 1735 1833 Ajestatem
1759 1807 1774 1828 ,
1806 1773 2083 1838 cultumque
2113 1751 2281 1820 vChri-r

1496 1842 1645 1891 stianae
1666 1842 1926 1908 Religionis
1944 1841 2117 1907 ubique
2133 1841 2260 1888 Gen-

1295 1911 1416 1956 tium
1457 1913 1714 1979 ampliandi
1748 1909 2094 1959 studiosissimus
2133 1913 2262 1959 Con-

1295 1977 1548 2038 stantinus,
1577 1999 1670 2029 non
1697 1977 1848 2028 solum
1882 1982 1929 2027 in
1959 1980 2256 2033 Occidente,

1296 2047 1376 2096 ubi
1403 2052 1663 2119 Religionis
1687 2047 1825 2118 ipsius
1855 2048 2113 2098 firmiffima
2131 2084 2148 2106 ,
2169 2049 2261 2115 pri-

1292 2122 1530 2186 mariaque
1550 2119 1613 2168 est
1629 2119 1877 2169 constituta
1911 2118 2063 2180 sedes.;
2094 2115 2266 2166 verum

1292 2191 1434 2238 etiam
1456 2191 1501 2236 in
1538 2192 1736 2239 Oriente
1752 2223 1768 2246 ,
1799 2187 2054 2254 praesertim
2079 2185 2191 2237 vero
2214 2187 2262 2233 in

1294 2259 1529 2307 Palaestina
1549 2256 1749 2306 mirifica
1767 2258 1954 2320 hujusce
1974 2257 2112 2305 studii
2132 2293 2148 2316 ,
2165 2257 2261 2303 ani-

1293 2331 1453 2396 mique
1485 2328 1747 2376 testimonia
1776 2328 1967 2393 reliquit
1990 2362 2001 2372 .
2034 2325 2107 2375 Ibi
2133 2329 2263 2374 enim

1289 2400 1377 2446 tria
1406 2395 1717 2464 augustissima
1737 2398 1966 2444 excitavit
2000 2395 2263 2462 Templa„

1291 2481 1344 2514 ut
1367 2464 1591 2513 Eusebius
1622 2467 1668 2512 in
1692 2468 1926 2515 Oratione
1952 2465 2009 2514 de
2027 2463 2262 2512 Laudibus

1290 2534 1583 2584 Constantini
1614 2554 1713 2600 cap.
1732 2553 1780 2594 9.
1809 2541 1941 2598 juxta
1961 2532 2138 2584 Valefii
2163 2552 2262 2583 ver—

1290 2602 1463 2652 sionem
1505 2604 1575 2652 his
1618 2602 1810 2653 testatur
1844 2602 2028 2653 verbis:
2062 2603 2116 2654 In
2153 2605 2259 2655 Pro·

1290 2679 1448 2724 vincia
1482 2675 1716 2725 Palaefflna
1744 2675 1857 2741 apud
1881 2678 2127 2737 Civitatem
2144 2709 2159 2730 ,
2179 2695 2263 2741 qut

1292 2744 1566 2795 Hebraeorum
1588 2746 1728 2812 Regia
1759 2746 1964 2813 quondam
1987 2745 2110 2815 sedes
2129 2741 2229 2811 fuit
2245 2779 2261 2801 ,

1290 2819 1337 2863 in
1363 2816 1452 2882 ipsb
1474 2815 1614 2867 Urbis
1645 2817 1885 2865 meditullio
1901 2851 1916 2872 ,
1946 2817 2006 2864 ad
2020 2818 2153 2871 locum
2170 2816 2260 2864 Do·

1292 2889 1445 2934 minici
1484 2886 1707 2952 Sepulchri
1729 2921 1744 2942 ,
1783 2887 2013 2951 Bafilicam
2057 2884 2262 2949 immensi

1292 2957 1595 3020 amplitudinis
1611 2992 1625 3013 ,
1654 2960 1708 3006 (J
1735 2954 1898 3005 AEdem
1925 2957 2099 3005 Sacram
2110 2960 2157 3003 in
2182 2953 2260 3001 ho-

1288 3043 1426 3075 norem
1445 3025 1479 3074 S
1481 3026 1610 3075 anflae
1630 3028 1784 3077 Crucis
1801 3031 1918 3075 omni
1939 3025 2259 3094 magnificentiae

266 3083 461 3134 nasterio
502 3085 764 3137 Sublacenfi
789 3127 805 3148 ,
844 3090 1019 3158 septem
1047 3096 1234 3142 circiter
1279 3114 1431 3164 genere
1466 3101 1707 3145 exornavit
1737 3131 1747 3141 .
1789 3096 1846 3146 Et
1912 3107 2258 3144 monumentum..

267 3153 487 3202 milliaria
505 3155 561 3202 ab
578 3157 660 3204 hac
678 3158 882 3208 Ecclesia
901 3162 1087 3209 distanti
1107 3199 1124 3222 ‚
1152 3166 1231 3230 qui
1282 3166 1536 3215 servatoris
1548 3167 1814 3232 ftmpiternd
1833 3167 2036 3214 memorii?
2061 3163 2259 3229 dignum,

265 3221 574 3296 monasticam
591 3228 740 3275 vitam
755 3229 1234 3294 rigidioriobservan-
1286 3235 1483 3302 illiusque
1523 3237 1701 3298 trophaea
1740 3250 1886 3282 contra
1937 3249 2112 3281 mortem
2147 3249 2256 3280 ,ere-

264 3286 346 3344 tid,
363 3291 511 3340 veluti
526 3296 571 3342 in
587 3297 760 3345 Eremo
775 3298 946 3348 ducere
964 3300 1232 3367 cupiebant.
1290 3305 1361 3355 Ha
1374 3338 1390 3361 ,
1414 3309 1670 3355 ornamentis
1693 3340 1709 3365 ,
1739 3321 1822 3370 quae
1859 3301 2037 3354 dicendo
2066 3302 2260 3370 exprimi

2190 3385 2217 3416 11
2221 3390 2257 3417 6⁴
