2378 3674
731 253 1223 306 CAPUT

1342 252 1459 304 IX„
2026 275 2120 321 127

93 329 197 396 sun.
215 325 330 396 fing.
349 323 486 374 libras
495 322 692 393 singulas
708 361 718 373 .
748 326 867 376 Fecit
898 324 1084 393 absidam
1134 341 1192 391 pe
1208 359 1224 381 ,
1248 323 1377 390 quod
1410 342 1502 372 non
1524 322 1790 392 patiebatur
1816 326 1948 374 tarda
1973 331 2113 378 mone

102 398 287 466 ejusdem
306 394 495 463 Bafilicae
528 415 583 444 cx
599 395 791 465 Mustvo
808 431 824 453 ‚
858 394 934 445 ubi
957 400 1083 443 etiam

101 470 239 518 multa
269 466 380 515 dona
415 464 571 514 obtulit
602 503 612 514 .
651 468 867 532 Denique
900 467 946 512 in
983 468 1081 515 Ha-

105 539 271 586 driano
288 536 429 584 etiam
449 538 486 584 1.
518 536 611 584 haec
641 534 896 584 habentur:
934 535 1077 585 Eccle-

88 607 206 676 stam
220 612 328 656 verb
350 606 406 657 B.
425 606 612 673 Agnetis
629 605 851 672 Martyris
862 641 877 662 ,
896 607 974 673 [ἐκ
989 608 1077 656 Bez-

85 676 263 747 filicam
292 678 346 727 B.
368 675 676 725 Emerentianae
706 693 730 722 a
749 695 862 724 novo
894 693 1082 724 renova-

101 752 183 797 ·vit
200 783 210 794 .
231 747 346 796 Haec
359 743 561 793 Ecclesia
577 744 716 794 habet
731 746 939 812 porticus
953 780 967 802 ,
987 743 1018 792 fi
1027 763 1082 793 ve

104 813 245 865 naves
259 851 275 872 ,
290 813 422 880 supra
441 832 552 880 quas
572 828 667 861 tam
691 834 716 862 a
732 815 899 863 dextro
911 850 927 872 ,
940 817 1081 880 quam

101 905 129 934 a
146 882 323 933 sinistro
347 885 489 933 latere
507 886 651 934 altera
667 883 732 934 est
751 881 1077 952 porticus,five

101 951 490 1003 deambulacrum
505 990 521 1011 ,
552 968 606 1001 ut
632 956 890 1021 antiquitus
906 955 952 1000 in
971 972 1075 1021 pro-

102 1024 264 1092 phanis
282 1036 379 1070 erat
407 1022 637 1081 Bafilicis,
666 1024 722 1072 de
741 1024 906 1092 quibus
937 1029 1072 1086 jam-³

101 1093 310 1141 diximus
327 1095 372 1139 in
398 1093 550 1142 nostro
568 1112 709 1162 opere
726 1095 783 1143 de
806 1098 1080 1144 Veter.Mo-

103 1166 221 1211 nim.
254 1176 386 1230 parte
417 1182 456 1211 1.
493 1182 590 1231 cap.
618 1185 655 1211 1.
691 1163 771 1211 ubi
801 1166 1079 1231 exemplum

103 1230 415 1282 Numismatis
433 1236 585 1282 Marci
615 1235 800 1301 Lepidi,
813 1235 858 1281 in
880 1251 970 1299 quo
999 1252 1077 1282 ex-

102 1297 246 1371 pressa
265 1301 329 1350 est
346 1301 540 1351 Basilica
558 1305 768 1361 AEmilia,
801 1304 1048 1353 retulimus
1063 1339 1079 1361 ,

102 1386 157 1421 ut
179 1374 226 1419 in
244 1371 364 1420 Tab.
384 1377 527 1423 XXI.
565 1372 692 1442 fig.4.
723 1375 923 1440 Singulae
939 1374 1082 1439 porti·

102 1460 182 1490 cus
201 1478 217 1500 ,
236 1440 330 1490 {ive
348 1460 486 1491 naves
514 1441 689 1510 septem
709 1441 879 1490 habent
896 1443 1077 1490 colum-

102 1530 208 1570 nas,
222 1530 246 1560 e
263 1510 432 1578 quibus
450 1527 651 1579 quatuor
671 1514 717 1559 in
737 1511 946 1561 inferiori
965 1514 1077 1560 navi

103 1579 260 1651 pofitae
279 1618 296 1639 ,
328 1580 432 1630 sunt
459 1601 516 1631 ex
542 1581 761 1652 jaspide,
784 1580 862 1631 seu
879 1619 893 1639 ‚
920 1596 972 1629 ut
994 1583 1075 1629 alii

103 1650 374 1702 existimant
399 1688 413 1709 ‚
445 1671 504 1702 ex
541 1652 692 1721 lapide
728 1654 871 1701 Portae
900 1653 1075 1701 Sanctae

103 1720 252 1789 vulgo
283 1724 519 1788 appellato
544 1759 559 1781 ,
593 1725 673 1789 qui
707 1724 828 1770 inter
853 1720 1077 1789 pretiosos

102 1806 434 1842 annumeratur
459 1814 473 1853 ;
517 1794 595 1840 cui
631 1790 867 1841 sententiae
905 1788 1077 1839 discors

102 1863 170 1913 est
195 1862 493 1910 Martinellus
519 1897 535 1920 ,
568 1881 641 1912 eas
672 1880 765 1911 non
800 1860 991 1927 quidem
1020 1878 1078 1908 ex

102 1931 232 1980 disto
253 1931 409 1998 lapide
425 1967 441 1989 ,
470 1930 547 1979 sed
575 1950 631 1981 ex
650 1929 895 1980 Alabastro
915 1927 1000 1979 esse
1029 1933 1078 1978 in

102 2001 186 2055 suo
205 2004 365 2069 Opere
382 2001 667 2052 contendens
685 2037 697 2050 .

173 2073 386 2137 Reliquae
418 2086 578 2120 autem
613 2090 671 2121 ex
709 2084 944 2119 marmore
966 2071 1077 2138 jan-

100 2146 241 2195 thino
259 2139 362 2190 sunt
378 2176 394 2198 ,
417 2140 597 2190 duabus
630 2141 873 2209 postremis
904 2156 1078 2206 prope,

100 2221 293 2281 januam
318 2213 524 2280 exceptis
549 2247 566 2271 ,
597 2229 696 2279 quae
724 2230 781 2261 ex
801 2225 1079 2259 *marmore-2

101 2284 209 2333 sunt
229 2281 493 2332 Numidico
511 2317 522 2329 .
553 2282 843 2331 Earumdem
871 2278 985 2329 ver&
1006 2297 1079 2326 co-

106 2355 376 2403 lumnarum
393 2353 807 2402 Architectonicus
822 2350 958 2406 ord0,
974 2366 1076 2417 par·

105 2425 198 2472 tim
221 2439 277 2469 ex
294 2423 544 2470 Corinthio
562 2457 577 2480 ,
608 2424 779 2491 partim
803 2439 860 2471 ex
879 2421 1046 2468 Latino
1062 2454 1078 2476 ,

107 2492 204 2541 sive
219 2488 478 2557 composito
499 2490 661 2542 ordine
682 2489 750 2542 est
770 2528 785 2550 ,
799 2503 963 2559 praeter
986 2489 1081 2538 duo

106 2561 313 2629 capitula
347 2577 490 2627 prope
518 2566 737 2623 januam,
764 2579 862 2627 quae
895 2558 998 2608 sunt
1021 2577 1080 2609 ex

107 2631 452 2698 ordineJonico
471 2665 481 2675 .
501 2632 620 2697 Qae
651 2630 766 2680 vero
794 2628 1080 2698 superiorem

107 2702 343 2772 porticum
370 2700 597 2748 columnae
629 2699 916 2750 constituunt
942 2735 957 2758 ,
984 2717 1081 2766 par-

109 2774 201 2819 tim
217 2788 273 2819 ex
294 2768 463 2818 eodem
480 2770 706 2837 Janthino
721 2806 737 2828 ‚
766 2771 938 2837 partim
965 2770 1078 2818 vero

107 2859 169 2891 ex
185 2843 353 2889 Graeco
367 2836 490 2897 ,five
510 2839 662 2897 Pario,
684 2857 865 2888 necnon
895 2840 1080 2906 reliquae

105 2911 212 2961 duae
237 2928 293 2959 ex
311 2909 576 2958 Numidico
594 2927 828 2958 marmore
845 2931 859 2970 3
876 2911 1078 2978 capitula

108 2995 267 3031 tamen
282 2998 339 3028 ex
357 2979 630 3047 supi-adistis
650 3015 665 3036 ,
681 2980 930 3028 Corinthio
960 2977 1079 3028 scili-

110 3065 206 3110 cet,
222 3053 272 3101 &c
289 3052 457 3098 Latino
473 3048 576 3097 sunt
594 3049 836 3098 ordinibus
852 3085 861 3095 .
879 3054 978 3100 Cur
994 3068 1075 3097 au·

112 3133 210 3169 tem
235 3119 410 3189 lapides
428 3118 500 3168 isti
516 3118 708 3187 disparis
720 3117 806 3167 sint
823 3117 1078 3176 structurae,

109 3189 292 3239 causam
325 3192 499 3259 allegat
534 3188 649 3258 saepe
687 3190 903 3238 laudatus
938 3192 1074 3235 Baro-

109 3262 213 3309 nius
238 3260 294 3309 ad
311 3280 484 3311 annum
509 3276 621 3324 324.
653 3277 783 3308 num.
803 3275 913 3317 103.
943 3276 1074 3308 nem-

1134 396 1259 440 mina
1279 395 1527 443 vehemens
1546 397 1625 443 ille
1648 393 1860 461 spirituS,
1876 414 1967 462 quo
1987 402 2112 448 Con*

1133 461 1324 515 stantini
1360 466 1538 513 animus
1567 463 1852 514 exaestuabat
1883 487 1897 526 3
1930 465 2112 515 summd

1132 535 1257 581 enim
1276 551 1385 582 eum
1403 535 1671 592 celeritate,
1689 535 1849 594 addit,
1865 534 2116 587 aedificium

1131 600 1284 670 ipsum
1308 603 1474 652 confici
1497 601 1696 654 voluisse
1715 640 1724 651 .

1205 674 1427 720 Carmina
1460 676 1685 722 nonnulla
1717 673 1974 723 acrosticha
2006 677 2115 724 San-2

1134 743 1217 791 ἑξεῖ
1246 742 1534 791 Constantiae
1566 746 1795 811 pietatem
1828 744 2114 804 indicantia,

1135 813 1390 877 antiquiori
1436 815 1483 859 in
1526 811 1684 862 abside
1728 815 1862 876 hujus
1901 812 2113 863 Ecclefiae

1133 884 1250 930 olim
1267 881 1573 949 legebantur,
1592 902 1692 949 quae
1728 885 1961 934 Gruterus
1979 887 2113 953 pagi-

1129 970 1186 999 na
1213 970 1230 999 1
1248 962 1358 1000 161.
1375 970 1557 1011 num,9.
1580 951 1720 1001 refert
1738 988 1748 999 .

1200 1024 1474 1088 Antequam
1504 1037 1660 1071 tamen
1686 1042 1737 1072 ea
1760 1020 2075 1071 describamus
2096 1060 2111 1082 ,

1132 1091 1380 1140 Lectorem
1415 1095 1654 1140 monitum
1686 1091 1772 1141 effe
1797 1095 1936 1160 cupio
1970 1128 1986 1149 ,
2025 1096 2109 1141 alia

1132 1160 1316 1226 quando
1338 1160 1666 1210 Constantiam
1685 1199 1702 1220 ,
1718 1163 1966 1228 aliquando
1987 1164 2104 1210 ver&

1133 1229 1487 1279 Constantinam
1508 1233 1722 1280 Sanctam
1743 1231 1874 1279 istam
1892 1233 2103 1298 appella-

1131 1300 1203 1356 ri,
1223 1312 1275 1346 ut
1292 1312 1457 1346 notant
1476 1301 1687 1348 laudatus
1707 1303 1931 1349 Batonius
1946 1302 2003 1349 ad
2023 1319 2105 1348 an-

1130 1387 1243 1416 num
1270 1385 1382 1431 524.
1402 1387 1529 1417 num.
1553 1375 1659 1419 108.
1692 1370 2019 1419 Henschenius
2053 1371 2110 1420 ad

1129 1438 1258 1487 diem
1284 1443 1356 1486 18.
1378 1437 1687 1496 Februa-in&
1706 1444 1782 1488 Du
1795 1445 1957 1508 Cange
1979 1443 2024 1488 in
2043 1437 2108 1487 fa-

1130 1510 1275 1557 miliis
1292 1509 1548 1558 Bizantinis
1569 1509 1750 1558 familia
1772 1530 1811 1559 ι.
1844 1513 2109 1560 Carmina...

1130 1579 1244 1628 vero
1267 1578 1358 1624 haec
1382 1577 1486 1626 sunt
1504 1615 1514 1626 .
1999 1631 2001 1634 ,

1146 1662 1192 1704 0
1214 1648 1477 1697 enflantina.
1516 1650 1668 1699 Deum.
1715 1655 1943 1703 Venerans.
1977 1652 2106 1701 Clari-

1269 1719 1427 1785 Hoque.
1462 1720 1638 1769 Dicam.

1147 1787 1192 1834 Ο
1217 1787 1398 1837 mnibus.
1432 1788 1645 1858 Impensis.
1664 1791 1855 1841 Devota.
1874 1789 2074 1841 Mente„
2090 1828 2101 1838 .

1272 1859 1462 1907 Paratis.

1149 1935 1194 1985 Z
1217 1932 1372 1978 umine.
1418 1929 1608 1978 Divino.
1641 1927 1852 1979 Multum.
1901 1933 2106 1983 Christo·

1266 2016 1355 2064 que.
1393 1999 1624 2065 ‘'Juvante.

1148 2086 1193 2116 ca
1210 2072 1402 2118 acravic.
1445 2067 1678 2135 Templum.
1728 2070 1947 2121 Vic‘lricis.
2009 2073 2108 2122 Vir-

1264 2143 1402 2205 ginis.
1431 2140 1593 2207 Agnes.

1149 2218 1196 2262 ·-1
1213 2210 1451 2274 emplorum.
1487 2209 1613 2283 Qae.
1660 2210 1791 2260 Vicit.
1837 2210 1967 2275 Opus.
2001 2209 2107 2259 Ter·

1266 2295 1456 2343 renaque.
1490 2278 1671 2329 CunHa.

1147 2354 1191 2402 1>
1210 2365 1320 2396 urea.
1355 2347 1481 2420 Qae.
1513 2349 1704 2400 Rutilae.
1736 2350 1916 2398 Summi.
1957 2348 2105 2398 Fafli-

1266 2423 1357 2486 gia.
1393 2419 1534 2469 Teffi.

1151 2486 1195 2537 Z
1217 2507 1347 2537 omen.
1401 2490 1547 2540 Enim.
1604 2490 1792 2540 Christi.
1845 2487 2105 2539 Celebratur.

1271 2559 1468 2609 Sedibus.
1501 2559 1632 2609 Istis.

1149 2638 1197 2682 ¹·-1
1215 2646 1438 2679 artare-am.
1466 2631 1604 2680 Solus.
1645 2630 1808 2679 Potuit.

1269 2720 1371 2748 cere.
1409 2700 1622 2751 Mortem.

1149 2791 1196 2815 ι-ι
1217 2771 1412 2819 nveHus.
1444 2771 1570 2820 Coelo.
1609 2765 1819 2833 Solusque.
1870 2764 2107 2834 Inftrrsp.

1270 2838 1570 2901 Triumphum.

1147 2911 1193 2962 Ζ
1214 2925 1344 2955 omen.
1377 2909 1546 2958 Adhuc.
1580 2904 1800 2971 Reftrens.
1830 2905 1903 2956 Et.
1931 2909 2107 2971 Corpus.

1270 2977 1340 3026 Ec.
1375 2979 1548 3027 Omnia.
1579 2974 1798 3025 Membra.

1150 3046 1400 3104 >.M0rcis.
1437 3046 1659 3104 Tenebris.
1683 3046 1757 3097 Et.
1788 3048 1918 3098 Coeca„
1954 3046 2107 3096 Noae.

1270 3117 1458 3167 Levata.

1148 3197 1191 3243 0
1213 3191 1373 3256 ignum.
1425 3187 1586 3255 Igitur.
1649 3183 1836 3235 Munus.
1904 3184 2106 3256 Martyr-

1268 3258 1534 3329 De‘votaque.
1571 3256 1766 3310 Chriffzo.

1900 2632 1959 2675 ui.
1999 2629 2109 2676 Vin-

2001 3340 2106 3375 trix.
