2378 3674
279 277 380 322 *170

631 258 747 310 DE
849 254 1248 307 SACRIS

449 393 817 451 CAPUT
894 399 1091 448 XXXI.

455 540 525 590 De
543 534 732 601 Bafi'lica
746 534 780 585 S
783 568 793 580 .
824 534 1094 605 Agathonici

567 608 606 659 C
608 606 947 673 onffantinopoli
960 641 972 653 .

281 753 332 880 Ι
369 817 655 885 quadratum
678 815 964 883 produstum
994 817 1043 863 in
1060 817 1103 863 S.
1134 821 1264 880 Aga-

280 889 457 936 thonici
469 887 697 935 honorem
710 905 734 932 a
750 885 903 934 nostro
916 885 1266 951 CaesareAugu-

278 957 346 1007 sto
366 956 630 1024 Templum
644 953 927 1003 aedificaturn
938 953 1071 1004 fuiffe
1091 955 1266 1003 Cedre-

277 1046 389 1087 nus,
406 1046 458 1075 ac
476 1027 775 1094 Nicephorus
791 1040 994 1073 narrant.
1018 1023 1201 1075 Deinde
1218 1024 1265 1070 in

277 1095 597 1166 augustiorem
616 1092 821 1144 formam
840 1094 1144 1165 aJustiniano
1166 1097 1264 1142 Im-

278 1181 491 1236 peratore
518 1168 781 1215 excitatum
812 1162 975 1214 scribit
1010 1164 1267 1232 Procopius

277 1236 361 1285 lib.
390 1256 430 1286 1.
449 1238 508 1285 de
529 1233 667 1284 AEdif.
686 1253 787 1304 cap.
810 1252 854 1295 ς.
887 1240 1181 1303 Anonymus
1199 1246 1265 1279 ta-

278 1325 390 1357 men
418 1308 465 1355 in
497 1307 749 1373 Manipulo
784 1308 1048 1374 Originum
1079 1309 1265 1353 Rerum

278 1374 905 1443 Constantinopolitanarum
920 1411 936 1433 ,
968 1373 1176 1442 primum
1208 1372 1264 1419 ab

278 1444 541 1502 Anastasio,
561 1444 731 1494 deinde
748 1444 1047 1514 aJustiniano
1062 1461 1263 1493 renova-

276 1530 384 1566 tum
398 1512 531 1564 fuisse
551 1511 718 1563 refert.
739 1517 851 1564 Hoc
871 1517 918 1562 in
935 1515 1144 1583 Templo
1165 1512 1264 1581 sep·

278 1599 378 1635 tem
407 1586 682 1632 Patriarchae
699 1602 778 1650 per
798 1603 940 1633 annos
954 1585 1266 1651 quinquagin-

279 1671 326 1704 ta
342 1692 358 1713 ‚
384 1653 676 1723 Episcopalia
692 1653 884 1703 obivere
915 1672 1109 1703 munera
1126 1676 1140 1715 3
1159 1671 1264 1703 nec-

278 1744 376 1774 non
395 1724 576 1773 ibidem
597 1726 807 1774 Orientis
829 1728 1149 1793 Imperatores
1168 1740 1268 1771 mos

277 1794 372 1844 fuit
390 1795 605 1843 coronari
625 1831 636 1841 .
653 1793 811 1843 Postea
834 1795 947 1843 vero
967 1793 1048 1842 sub
1068 1793 1268 1843 Tiberio

278 1866 509 1916 Mauricii
541 1861 701 1913 socero
736 1866 857 1912 intra
888 1866 1120 1913 Palatium
1168 1882 1268 1910 ma-

278 1953 446 2004 gnum,
458 1936 532 1982 cui
547 1932 806 1997 adjacebat,
830 1931 1135 1983 interclusum
1149 1932 1241 1981 fuit
1257 1969 1268 1980 .

441 2076 485 2123 C
522 2074 568 2119 A
603 2072 638 2117 P
676 2073 727 2125 U
767 2072 811 2121 T
887 2077 1110 2126 XXXII.

369 2214 437 2264 De
455 2212 634 2281 Ecclesta
648 2214 843 2279 Deiparae
855 2210 1187 2278 'Axagovroui-rx.

284 2355 422 2484 D
434 2353 608 2418 Eiparae
624 2350 816 2402 sacratas
830 2353 946 2403 aedes
964 2355 1116 2422 plures
1135 2358 1262 2404 Con-

460 2419 759 2488 stantinopoli
777 2420 926 2482 fuisse,
942 2425 1084 2472 variis
1098 2425 1259 2473 diver-

282 2491 443 2540 sorum
477 2492 776 2558 Scriptorum
803 2495 1160 2543 austoritatibus
1191 2507 1260 2541 te-

283 2561 430 2610 statur
459 2560 674 2609 laudatus
708 2565 786 2611 Du
816 2566 980 2632 Cange
1016 2565 1064 2609 in
1096 2563 1262 2611 dicta-

283 2629 697 2698 Constantinopoli
716 2632 981 2682 Christiana
1002 2632 1135 2696 lib.4.
1155 2638 1261 2688 55³.

285 2702 352 2749 Ea
402 2699 736 2750 tantummodo
761 2699 1081 2751 describemus
1109 2738 1126 2760 ,
1164 2721 1263 2768 quae

282 2789 311 2818 a
330 2770 483 2820 nostro
516 2777 811 2839 Imperatore
846 2772 1106 2821 constructa
1135 2768 1264 2820 fuisse

283 2843 604 2908 comperimus
626 2877 636 2887 .
669 2842 827 2889 Prima
849 2845 952 2892 loco
972 2845 1117 2891 citato
1148 2861 1193 2890 n.
1216 2859 1261 2904 5.

283 2907 380 2961 sese
404 2907 540 2958 offert
558 2946 574 2968 ,
606 2930 706 2977 quae
745 2911 828 2959 sub
848 2913 1267 2963 denominatione-³

286 2979 622 3043 Ἀχειξοποιιίτου
645 2994 742 3031 erat
757 3017 773 3040 ,
796 2984 843 3029 in
873 3000 963 3049 qua
993 2980 1267 3031 Beatiffimae

287 3052 504 3118 Virginis
538 3051 695 3119 imago
715 3047 1067 3115 Ἀχιιςοπυιῆτρω
1104 3053 1265 3109 dista,

287 3116 467 3168 scilicet
495 3138 589 3168 non
624 3138 766 3168 manu
796 3121 917 3173 faeta
947 3158 963 3180 ,
998 3121 1264 3178 visebatur,

288 3204 430 3251 quam
448 3191 599 3238 Graeci
618 3187 677 3237 fic
694 3192 992 3258 appellabant
1006 3228 1022 3250 ,
1041 3191 1096 3241 eo
1114 3194 1264 3259 quia-

287 3256 345 3304 ab
364 3255 500 3323 ipsius
518 3261 568 3306 B.
589 3262 801 3326 Virginis
816 3261 1104 3311 delineatam
1125 3280 1266 3310 manu

1341 254 1981 313 AEDIFICIIS‘

1316 320 1449 375 fuisse
1480 324 1858 388 arbitrabantur3
1893 350 1994 398 quae
2017 351 2043 380 a
2067 335 2302 404 Gregorio

1317 400 1366 446 in
1394 397 1512 446 Vita
1529 399 1572 444 S.
1607 394 1988 465 BafiliiJunioris
2014 421 2144 451 num.
2164 413 2209 456 8.
2238 409 2302 456 ita

1317 462 1631 516 describitur:
1660 466 1887 517 Orationis
1900 480 2154 536 porracausd
2182 476 2300 527 abire

1315 538 1421 596 molo
1466 540 1516 584 in
1562 535 1886 588 Monaflerium
1938 557 2018 589 non
2054 546 2300 616 manusaffae

1315 607 1610 674 (imaginis)
1640 624 1762 667 quam
1787 627 1902 658 nemo
1924 607 2168 676 fizbricatus
2198 619 2266 668 ef}
2282 639 2297 679 ;

1303 679 1391 748 sed
1402 682 1458 728 (θ’
1486 679 1576 746 ipfiz
1606 678 1797 744 Deipdra
1812 684 1994 749 praesens
2010 690 2152 746 operi,
2172 706 2296 736 manu

356 750 407 796 N
441 747 718 794 Dromicam
746 743 951 795 formam
969 781 985 804 ,
1017 743 1196 793 scilicet
1217 743 1265 789 in
1307 751 1390 818 sud
1407 750 1486 817 fin·
1504 752 1693 818 figuram
1715 751 1969 822 effiera‘vit
1989 787 2004 809 ,
2023 759 2072 800 in
2092 755 2200 803 hunc
2228 760 2298 825 us*-

1318 839 1393 886 que
1414 820 1527 867 diem
1557 821 1853 886 conservatam
1875 857 1890 879 ,
1928 824 1988 871 ad
2007 841 2175 892 eamque
2199 841 2301 891 pro·

1317 890 1420 939 inde
1439 890 1572 936 multa
1592 890 1763 939 divinae
1790 897 1981 942 virtutis
1994 894 2130 962 figna
2140 899 2266 964 fiunt
2283 930 2299 952 ,

1319 963 1423 1010 illuc
1445 977 1536 1008 cum
1550 959 1648 1027 fide
1663 961 1949 1011 accedentibus
1971 998 1980 1008 .
2013 965 2153 1012 Hanc
2187 982 2298 1013 con-

1319 1024 1527 1078 struxisse
1554 1028 1731 1088 aedem,
1762 1032 1937 1080 Codini
1966 1034 2298 1091 annositate„

1319 1104 1554 1168 Magnum
1587 1100 1984 1159 Constantinum,
2017 1101 2170 1152 afferit
2207 1105 2302 1151 lau·

1319 1170 1456 1218 datus
1475 1167 1539 1217 du
1555 1170 1655 1217 Can
1662 1188 1718 1237 ge
1734 1206 1743 1215 .

1465 1340 1507 1386 C
1546 1341 1591 1386 A
1627 1337 1660 1384 P
1697 1339 1748 1391 U
1787 1339 1831 1386 T
1909 1344 2158 1391 XXXIII.

1317 1498 1386 1549 De
1399 1494 1571 1562 Templo
1584 1496 1774 1560 Deiparae
1786 1500 1834 1544 in
1846 1494 2029 1558 Ῥίβῶον
2047 1532 2063 1554 ,
2083 1497 2297 1547 videlicet

1463 1570 1513 1615 in
1546 1568 1746 1633 Virgam
1767 1568 2156 1633 Constantinopoli.

1478 1721 1674 1769 Lterum
1703 1717 1858 1767 eidem
1893 1721 2106 1786 Deiparae
2134 1719 2295 1784 Virgi-

1498 1791 1544 1837 ni
1593 1789 1857 1857 Templum
1902 1809 1927 1838 a
1986 1789 2296 1856 saepelaudato
2350 1849 2355 1852 Ι

1325 1857 1635 1909 Constantino
1668 1859 1716 1905 in
1749 1877 1871 1907 nova
1915 1863 2071 1907 Roma
2100 1857 2299 1906 redifica-

1322 1944 1425 1977 tum
1437 1927 1560 1986 fuit,
1582 1931 1656 1976 cui
1671 1946 1845 1977 nomen
1868 1927 2038 1990 Ῥοίβῶκ
2059 1926 2263 1976 inditum
2282 1964 2298 1985 ,

1315 2000 1373 2050 eo
1387 2001 1497 2066 quia
1515 2000 1563 2046 in
1585 2015 1641 2048 eo
1657 2001 1712 2047 τέἶ
1728 1997 1889 2049 Μωσέως
1908 1998 2152 2063 ἦροίβῶρω,
2169 2000 2299 2047 vide·-
2376 2060 2378 2063 Ι

1316 2072 1429 2120 licet
1448 2069 1615 2138 Moysis
1638 2070 1771 2138 Virga
1784 2067 1877 2118 fuit
1894 2068 2109 2137 repofita,
2123 2066 2298 2116 deinde
2371 2131 2374 2137 Δ

1315 2144 1363 2188 in
1397 2140 1629 2187 Palatium
1653 2139 1890 2206 Augustus
1909 2139 2145 2187 transtulit
2161 2173 2177 2195 ,
2197 2151 2248 2184 ut
2267 2157 2291 2183 a

1313 2208 1506 2261 Codino
1519 2223 1748 2257 narratur.
1771 2211 1906 2258 Hanc
1923 2227 2010 2276 ego
2031 2210 2232 2275 Virgam
2252 2225 2297 2257 e-

1312 2280 1482 2328 andem
1505 2276 1591 2328 effe
1606 2279 2057 2346 crediderim‚quam
2074 2295 2172 2344 quae
2187 2279 2295 2344 plu-

1315 2349 1442 2398 ribus
1462 2349 1632 2409 abhinc
1649 2347 1820 2398 saeculis
1834 2350 1878 2395 in
1898 2345 2196 2397 SacrosanRa
2212 2347 2297 2393 La-

1315 2416 1546 2470 teranenii
1564 2413 1821 2466 asservatur
1849 2418 2044 2467 Basilica
2062 2453 2077 2475 ,
2105 2418 2218 2466 illuc
2239 2414 2294 2463 ab

1315 2492 1473 2556 aliquo
1504 2491 1796 2554 Imperatore
1833 2488 1955 2535 dono
1991 2483 2126 2536 missa
2156 2522 2170 2544 ,
2213 2501 2294 2533 aut

1313 2576 1503 2626 quoquo
1530 2559 1623 2605 alio
1658 2558 1803 2607 modo
1827 2559 2045 2606 translata
2063 2594 2073 2604 .
2108 2561 2180 2605 De
2202 2574 2292 2604 ea„
2358 2600 2359 2604 ,

1317 2628 1370 2678 fit
1396 2629 1577 2677 mentio
1595 2646 1619 2674 a
1642 2631 1825 2696 Joanne
1843 2630 2059 2677 Diacono
2077 2629 2126 2682 in
2143 2626 2263 2675 libro
2277 2662 2292 2685 ,

1313 2701 1393 2767 qui
1424 2695 1693 2746 inscribitur
1708 2733 1723 2755 ,
1758 2697 2027 2767 Defitpremo
2041 2698 2293 2749 SanHuario

1316 2769 1506 2840 Bastlicae
1537 2767 1836 2838 Lateranenfis
1853 2804 1869 2827 ,
1900 2788 2042 2836 quem
2060 2770 2290 2836 quingen-

1315 2845 1374 2890 tis
1394 2839 1450 2888 ab
1466 2840 1593 2896 hinc,
1608 2840 1657 2890 &
1674 2841 1796 2887 ultra
1812 2842 2024 2889 exaravit
2043 2840 2170 2888 annis
2189 2873 2198 2883 .
2218 2834 2291 2884 Ibi

1318 2913 1445 2962 enim
1463 2913 1581 2958 inter
1596 2911 1816 2976 reliquias
1833 2908 1916 2958 sub
1947 2913 2115 2972 majori
2135 2905 2289 2955 Altari

1319 2981 1529 3031 conditas
1556 2980 1650 3028 haec
1685 2980 1849 3029 eadem
1868 2991 2163 3029 enumeratur
2182 2975 2288 3022 Vir-2

1319 3071 1377 3121 ga
1391 3087 1407 3109 ,
1424 3062 1700 3116 notaturque
1726 3051 1772 3096 in
1788 3048 2066 3116 quibusdam
2083 3045 2288 3108 antiquis

1316 3118 1602 3170 carminibus
1633 3116 1827 3168 Mufivo
1854 3136 1994 3187 opere
2027 3110 2243 3182 expressis
2270 3148 2287 3170 ‚

1316 3209 1415 3258 quae
1433 3192 1479 3237 in
1495 3206 1758 3237 marmorea
1781 3201 1940 3236 extant
1956 3185 2113 3233 tabula
2129 3220 2145 3242 ,
2167 3184 2286 3231 olim

1316 3262 1365 3308 in
1379 3257 1533 3308 abside
1549 3292 1566 3314 ,
1594 3276 1715 3305 nunc
1750 3257 1863 3305 vero
1880 3269 2013 3304 extra
2038 3252 2285 3370 absideina
2346 3286 2351 3302 ι

2199 3335 2292 3385 lta;
