2378 3674
500 251 1000 300 GA‘PVT

1132 259 1194 304 V.
1787 265 1852 315 '29
1892 232 1896 239 Δ

91 360 121 406 ,3
145 344 305 407 'dentes
314 339 610 393 adorauerunt
625 362 738 392 eum:
751 353 798 394 &
815 350 978 414 apertis
980 372 1022 416 Α
1037 348 1140 399 dem
1156 351 1429 421 Euangelista
1445 354 1577 403 relata
1590 387 1607 412 ,
1633 354 1688 404 fic
1705 355 1746 403 se
1761 355 1916 403 habet:

91 450 123 477 7,
147 412 374 465 Thesauris
386 410 469 462 suis
485 414 736 474 obtulerunt
766 419 804 463 ei
825 436 978 468 mune-

91 520 120 546 „
148 504 194 533 ra
212 503 368 533 aurum
384 516 399 542 ‚
419 483 519 533 thus
532 517 547 541 ‚
575 494 620 534 &
638 487 879 551 Myrrham
896 530 904 539 .

146 560 188 604 8.
224 559 277 603 In
299 555 442 604 8-loco
453 554 645 604 eiusdem
659 554 840 606 historiae
853 557 978 608 {eries

91 625 378 681 'describitur3
407 643 566 692 nempe
584 658 601 684 ‚
629 624 748 691 quod
777 631 977 694 Angelus

94 702 142 747 in
176 696 353 743 somnio
384 698 534 761 Magis
568 697 766 762 apparuit
780 728 795 752 ‚
841 717 976 764 quam

93 765 297 816 laudatus
319 765 591 831 Euangelista
604 766 670 813 his
684 767 825 815 verbis
841 786 980 818 enun-

93 841 180 886 ciat
199 855 244 883 n.
267 853 286 883 1
301 854 338 886 2.
359 837 523 902 praefati
539 838 691 902 capitis
710 876 722 886 .

94 939 127 972 ,‚
156 909 214 952 Et
241 905 448 972 responso
466 921 642 972 accepto
659 909 707 954 in
721 906 982 967 somnis-,ne

93 1011 125 1038 2,
156 974 344 1023 redirent
377 978 431 1025 ad
466 976 690 1024 Herodem
706 1009 720 1033 ,
756 997 829 1044 per
848 984 982 1029 aliam

92 1080 124 1106 7,
158 1049 280 1095 viam
298 1046 450 1094 reuersi
466 1044 626 1094 suntin
639 1050 870 1111 regionem
884 1050 953 1099 sua
971 1075 987 1102 .·

1034 451 1069 477 2,
1094 424 1220 471 Tunc
1246 423 1444 473 Herodes
1474 425 1626 474 videns
1659 460 1672 482 2
1700 429 1916 490 quoniam

1036 522 1067 547 „
1095 493 1241 541 illusus
1259 493 1356 542 eflet
1371 493 1396 541 ἃ
1412 497 1561 561 Magis
1575 527 1589 552 ,
1606 498 1738 542 iratus
1754 496 1810 543 est
1826 496 1918 543 val-

1037 592 1070 618 „
1098 563 1152 610 de
1168 595 1183 620 ,
1201 573 1245 611 δέ
1274 566 1452 610 mittens
1470 566 1629 612 occidit
1645 582 1798 612 omnes
1817 582 1918 630 pue-

1037 661 1068 687 „
1099 651 1169 680 ros
1184 665 1198 688 ,
1217 636 1291 699 qui
1308 647 1430 680 erant
1446 636 1493 679 in
1508 635 1763 682 Bethlehem
1779 666 1793 689 ,
1811 643 1855 682 ὃς
1873 636 1919 680 in

1036 732 1067 757 2,
1099 703 1305 750 omnibus
1318 702 1474 750 finibus
1487 706 1576 750 eius
1598 703 1620 750 a
1643 703 1839 758 bimatu,
1875 712 1920 750 δε

1038 802 1069 827 „
1097 772 1208 819 infra
1225 772 1464 820 secundum
1481 787 1655 838 tempus
1674 803 1688 827 ,
1712 772 1831 836 quod
1850 789 1920 818 ex-

1041 873 1072 898 „
1099 841 1337 908 quisieratz‘i
1364 845 1542 908 Magis.

1118 929 1135 959 1
1147 932 1183 961 z.
1253 916 1303 959 In
1334 912 1416 958 hoc
1432 915 1685 976 exprimitur
1700 911 1921 960 Iconismo

1043 986 1104 1028 D.
1124 986 1186 1029 N.
1201 986 1235 1030 Ι.
1262 981 1419 1030 Christi
1438 983 1748 1037 Circumcifio,
1788 999 1923 1047 quam

1040 1050 1093 1098 sic
1109 1052 1307 1099 describit
1319 1057 1356 1101 S.
1373 1056 1508 1099 Lucas
1520 1071 1612 1118 cap.
1631 1069 1672 1099 2.
1701 1071 1823 1100 num.
1848 1069 1873 1097 2
1886 1067 1922 1096 i.

94 1117 234 1172 Fuse,
261 1126 306 1163 δέ
323 1115 488 1161 erudit&
505 1117 617 1161 hanc
644 1117 800 1162 Trium
819 1125 983 1181 Mago-
995 1146 1025 1182 B
1041 1150 1072 1170 υ
1097 1126 1154 1165 Et
1179 1122 1412 1181 postquami
1441 1120 1682 1169 consumari
1707 1121 1804 1168 sunt
1833 1123 1923 1165 dies

96 1206 195 1236 rum
225 1184 538 1248 Euangelicam
569 1181 809 1231 Historiam
839 1188 983 1233 elucu-
1042 1217 1072 1240 υ
1099 1188 1279 1240 onom
1298 1188 1672 1236 circumcideretur
1689 1193 1926 1252 puer:⁷is'o‹

94 1257 238 1305 brauit
260 1252 480 1302 Melchior
499 1249 715 1298 Inchoffer
731 1270 781 1298 ex
797 1257 983 1303 Societa-
1043 1286 1075 1310 a,
1100 1269 1248 1319 catum
1268 1253 1324 1301 est
1342 1272 1508 1302 nomen
1526 1257 1613 1304 eius
1633 1256 1742 1303 Iesus
1757 1288 1773 1312 2
1803 1276 1832 1319 q
1838 1257 1924 1302 uod

95 1343 139 1374 te
165 1322 259 1373 Iesu
281 1362 292 1372 .
1043 1356 1075 1380 „
1102 1339 1312 1371 vocatum
1324 1323 1382 1371 est
1398 1325 1452 1372 ab
1466 1326 1646 1390 Angelo
1659 1327 1775 1391 prius
1792 1325 1926 1390 quam

162 1412 209 1450 9.
281 1390 474 1453 sequitur
532 1388 717 1440 historiae
758 1396 985 1449 narrati03
1048 1426 1079 1450 „
1107 1395 1154 1440 in
1171 1409 1295 1442 vtero
1313 1397 1611 1461 conciperetur
1631 1428 1641 1440 .

95 1481 253 1530 nempe
264 1464 311 1509 in
328 1458 473 1507 somni
486 1463 521 1507 is
532 1458 890 1531 IosephoAngeli
909 1482 986 1530 ap·
1119 1480 1137 1510 1
1151 1481 1194 1523 3.
1268 1464 1474 1513 Eiusdem
1490 1468 1642 1531 capitis
1657 1463 1930 1531 prosequitur

99 1536 277 1601 paritio,
293 1549 428 1598 quarn
445 1530 500 1578 fic
516 1531 637 1578 idem
651 1538 839 1600 exponit
859 1537 982 1583 Mat·
1043 1532 1217 1582 historia
1234 1566 1249 1590 a
1288 1535 1698 1602 demonstraturque
1723 1535 1835 1584 Iesus
1863 1537 1929 1581 in-

98 1604 234 1653 thaeus
251 1621 376 1652 num.
395 1618 468 1662 13.
492 1633 530 1639 --
559 1605 650 1657 Qui
678 1622 779 1652 cum
797 1604 984 1652 receffis-
1045 1620 1202 1653 uentus
1231 1608 1279 1653 in
1309 1606 1540 1653 Ierusalem
1573 1609 1620 1654 in
1649 1605 1799 1652 medio
1834 1610 1930 1653 Do-

97 1705 130 1731 „
155 1674 249 1724 sent
264 1706 281 1731 ‚
312 1691 406 1720 ecce
423 1672 623 1738 Angelus
644 1677 837 1722 Domini
852 1693 986 1741 appa-
1045 1679 1218 1721 &torum
1234 1706 1251 1731 ,
1279 1689 1327 1721 vt
1342 1692 1466 1721 num.
1482 1691 1563 1734 44.
1575 1678 1651 1723 vbi
1667 1675 1721 1720 fic
1739 1692 1751 1720 ε
1782 1674 1933 1722 Existi-

98 1775 130 1802 „
157 1748 243 1793 ruit
257 1747 305 1792 in
322 1741 486 1789 somnis
509 1741 664 1807 Ioseph
678 1743 984 1810 dicens,surge‚
1043 1775 1074 1800 ³>
1113 1759 1284 1791 mantes
1300 1758 1449 1791 autem
1465 1745 1591 1790 illum
1621 1743 1701 1792 esse
1730 1748 1777 1791 in
1793 1747 1934 1791 comi-

99 1847 132 1872 „
158 1825 204 1864 &
224 1815 368 1878 accipe
382 1829 582 1878 puerum,
599 1821 643 1858 δε
660 1815 858 1860 Matrem
879 1817 985 1870 eius,
1040 1843 1074 1867 a>
1109 1827 1446 1867 tatu,venerunt
1462 1815 1541 1860 iter
1558 1813 1661 1870 diei,
1681 1821 1726 1861 δέ
1740 1817 1931 1878 require-

99 1918 130 1944 :⁷
158 1894 204 1933 &
219 1886 320 1950 fuge
337 1884 383 1929 in
415 1882 667 1947 AEgyptum
685 1910 698 1936 ³
725 1892 770 1931 δε
785 1882 873 1931 esto
888 1883 948 1930 ibi
967 1915 981 1939 ,
1042 1913 1073 1938 ³,
1111 1881 1217 1929 bant
1230 1900 1331 1928 eum
1348 1883 1461 1932 inter
1474 1898 1686 1948 cognatos
1702 1914 1717 1938 ‚
1733 1892 1776 1930 δε
1790 1896 1937 1929 notos.

98 1988 132 2016 2,
159 1953 292 2020 Vsque
309 1952 417 1999 dum
432 1951 575 1998 dicam
593 1952 672 1999 tibi
685 1969 699 2008 3
714 1953 910 2002 futurum
925 1954 983 2002 est
1042 1984 1073 2009 7,
1110 1955 1167 1999 Et
1181 1970 1275 2000 non
1288 1953 1574 2010 inuenienteS,
1588 1953 1764 2019 regreffi
1781 1950 1938 1999 suntin

99 2058 132 2084 „
162 2028 281 2073 enim
299 2057 313 2080 ,
344 2037 393 2070 vt
407 2021 604 2069 Herodes
620 2039 782 2087 quaerat
798 2042 982 2091 puerum
1041 2055 1072 2079 7,
1109 2024 1342 2071 Ierusalem
1368 2027 1636 2090 requirentes
1652 2042 1753 2070 eum
1772 2060 1781 2070 .
1800 2026 1857 2068 Et
1874 2023 1938 2070 fa-

107 2129 138 2153 „
165 2094 218 2143 ad
237 2092 509 2161 perdendum
523 2110 624 2139 eum
640 2126 653 2136 .
1042 2124 1074 2149 „
1109 2096 1227 2140 &um
1243 2092 1300 2139 est
1317 2093 1413 2158 post
1431 2093 1627 2141 triduum
1642 2124 1656 2148 ‚
1675 2096 1938 2140 inuenerunt

183 2181 242 2214 10
313 2168 407 2212 Hac
421 2165 466 2209 in
482 2164 624 2209 areola
639 2165 782 2212 Pistor
801 2165 984 2213 historiae
1042 2195 1074 2221 „
1109 2180 1211 2210 eum
1229 2166 1276 2210 in
1294 2164 1463 2229 templo
1479 2162 1701 2210 sedentem
1718 2165 1763 2209 in
1786 2161 1939 2210 medio

104 2237 483 2284 continuationem
518 2232 750 2281 delineauit
764 2267 778 2290 ,
809 2233 881 2282 sed
909 2237 986 2281 ali-
1043 2265 1075 2291 „
1111 2237 1388 2288 Dostorum3
1404 2232 1658 2280 audientem
1674 2233 1771 2278 illos
1783 2263 1797 2287 ,
1812 2240 1856 2279 &
1871 2233 1938 2277 in-

108 2306 214 2372 quid
234 2305 285 2351 de
304 2303 379 2351 suo
398 2303 554 2350 addere
568 2304 710 2351 voluit
724 2322 738 2360 3
755 2322 860 2352 nam
874 2303 986 2351 sacer
1046 2334 1075 2360 a)
1112 2317 1409 2367 terrogantem
1424 2321 1497 2350 eos
1510 2336 1520 2347 .
1536 2302 1777 2364 Stupebant
1789 2316 1938 2348 autem

111 2375 382 2440 Euangelista
400 2375 698 2420 narrationem
715 2374 986 2441 prosequitur
1046 2404 1080 2433 ³³
1111 2388 1296 2425 omnes,
1324 2371 1399 2435 qui
1428 2388 1530 2417 eum
1548 2371 1787 2416 audiebant
1814 2369 1937 2435 super

111 2445 193 2491 hoc
219 2444 358 2493 modo
375 2473 415 2481 -—
434 2446 527 2515 Qi
548 2443 809 2510 consurgens
826 2447 992 2511 accepit
1048 2475 1079 2505 ,‚
1113 2441 1342 2508 prudentia
1360 2472 1374 2495 2
1390 2449 1435 2488 &
1453 2438 1662 2505 responsis
1677 2441 1764 2486 eius
1782 2472 1794 2482 .
1808 2443 1864 2486 Et
1876 2442 1942 2487 vi-

116 2545 144 2569 „
173 2531 381 2578 puerum,
413 2522 457 2562 δε
489 2528 677 2561 matrem
711 2518 798 2562 eius
825 2520 951 2562 noste
975 2547 990 2570 ,
1051 2544 1080 2568 ‚2
1115 2513 1265 2560 dentes
1278 2511 1483 2560 admirati
1501 2510 1623 2560 sunt.
1655 2514 1711 2557 Et
1726 2509 1834 2557 dixit
1851 2528 1944 2556 ma-

113 2615 143 2639 „
179 2591 222 2629 δε
239 2582 401 2632 seceffit
416 2587 462 2630 in
480 2585 732 2650 AEgyptum
750 2618 789 2623 --
805 2592 992 2647 Qarc...
1051 2610 1083 2636 ,s
1115 2598 1177 2631 ter
1193 2585 1281 2630 eius
1299 2581 1355 2630 ad
1366 2583 1494 2629 illum
1512 2598 1524 2627 :
1557 2584 1635 2629 Fui
1647 2612 1661 2636 ,
1677 2580 1784 2646 quid
1808 2579 1942 2630 fecisti

118 2670 199 2700 tres
217 2668 387 2701 tantum
404 2652 521 2701 fuiffe
540 2657 585 2699 in
604 2655 682 2700 hac
697 2655 1041 2737 friga‚dcduci-D
1054 2679 1085 2706 a>
1117 2655 1245 2702 nobis
1261 2653 1343 2703 fic2.
1360 2657 1467 2700 Ecce
1487 2667 1609 2718 pater
1631 2666 1730 2699 tuus
1748 2682 1763 2706 ‚
1798 2659 1842 2697 &
1859 2668 1943 2714 ego

117 2739 200 2775 tur,
226 2720 380 2769 scilicet
398 2723 563 2788 Ioseph,
587 2727 662 2789 qui
676 2724 816 2773 Iesum
831 2725 996 2774 sinistro
1055 2750 1087 2778 >a
1119 2725 1316 2772 dolentes
1331 2756 1346 2780 ,
1377 2722 1677 2789 quaerebamus
1695 2736 1736 2768 te
1755 2758 1767 2769 .
1805 2723 1862 2766 Et
1880 2721 1942 2766 ait

121 2793 258 2840 defert
274 2792 456 2837 humeto
468 2795 684 2850 innixum,
700 2804 743 2843 ὅ(
760 2801 807 2843 ss.
824 2801 880 2844 V.
896 2800 999 2844 Ma·
1058 2821 1089 2850 ,a
1122 2794 1177 2842 ad
1193 2795 1318 2842 illos:
1336 2793 1443 2860 quid
1461 2792 1533 2845 est,
1551 2790 1672 2857 quod
1689 2808 1760 2837 me
1780 2807 1941 2854 quaere-

120 2866 229 2910 riam
260 2860 378 2908 asmo
412 2860 669 2910 insidentem
701 2905 711 2914 .
753 2868 898 2913 Pictor
929 2884 1003 2913 au·
1062 2897 1091 2922 >a
1125 2866 1253 2913 batist
1269 2863 1519 2912 nesciebatis
1533 2893 1546 2917 ,
1567 2864 1669 2926 quia
1688 2860 1803 2906 inhis
1817 2889 1832 2912 ,
1851 2876 1946 2923 quae

124 2949 218 2981 tem
249 2944 451 2995 quartani
488 2930 716 2995 personam
744 2934 901 2983 addere
925 2953 1005 2984 vo-
1063 2967 1094 2991 ῃ
1125 2939 1266 2984 Patris
1294 2936 1381 2981 mei
1410 2933 1507 2979 sunt
1529 2944 1704 2995 oportet
1736 2946 1806 2976 me
1837 2925 1915 2974 else
1934 2946 1945 2973 :

123 3004 203 3051 luit
218 3033 234 3057 ‚
266 3018 425 3065 nempe
454 3004 621 3056 Virum,
647 3005 722 3067 qui
749 3003 918 3051 asinum
935 3006 1003 3052 sti-
1066 3008 1213 3051 Mater
1227 3005 1453 3066 alloquens
1465 3000 1604 3047 filium
1618 2997 1856 3045 ostenditur
1871 2995 1946 3043 sub

124 3073 264 3120 mulat
283 3110 292 3119 .
1063 3072 1135 3139 fig.
1160 3089 1194 3120 1.
1213 3081 1257 3120 δε
1276 3070 1351 3118 sub
1370 3070 1444 3136 fig.
1465 3086 1506 3116 2.
1527 3086 1632 3133 puer
1648 3065 1765 3116 Iesus
1784 3100 1795 3110 .

201 3159 217 3189 1
235 3158 273 3188 ι.
348 3140 451 3187 Alia
469 3138 661 3188 ciusdem
677 3141 859 3189 historiae
876 3161 972 3207 pars
988 3175 1001 3198 ,
1137 3158 1208 3201 14.
1279 3140 1370 3187 Iesu
1403 3135 1624 3204 Baptisma
1665 3139 1710 3182 in
1734 3137 1950 3183 fluminea

125 3215 171 3259 in
189 3213 272 3259 hoc
287 3210 502 3259 iconifino
518 3208 840 3275 repraesentatur
852 3244 867 3267 ,
894 3210 1004 3259 scili-
1064 3212 1256 3258 Iordano
1275 3210 1513 3257 delineatur
1532 3225 1543 3253 τ
1576 3209 1623 3253 in
1643 3206 1726 3252 hoc
1740 3203 1859 3250 sacro
1876 3223 1946 3251 ex-

127 3298 191 3329 cet
206 3283 514 3332 Innocentium
532 3280 687 3347 strages
707 3314 722 3338 ‚
756 3299 850 3347 quae
863 3282 915 3330 ab
932 3299 1006 3329 eo-
1066 3280 1266 3346 primerio
1280 3279 1493 3347 mysterio
1513 3277 1623 3324 duos
1641 3273 1823 3390 obserpo
1837 3278 1949 3341 Bap-

1733 3359 1765 3392 ti
1791 3360 1883 3390 rna-
