2378 3674
508 204 536 247 6
749 192 2001 246 VETERAMONIMENTA

420 303 577 353 cellina
589 313 781 371 parentes
793 331 805 342 ·
824 297 1244 352 DixiNonius,cum
1259 293 1367 359 di-A
1384 295 1606 361 exemplar
1621 327 1636 351 ‚
1665 311 1716 341 ex
1732 292 1815 339 illis
1842 309 2031 349 nouem,
2056 310 2156 340 cum
2173 293 2226 339 ali
2230 294 2267 356 js

420 374 562 421 uinari
584 373 770 420 Nomen
787 385 838 415 ex
853 369 981 416 vnica
997 367 1135 422 litera,
1149 362 1324 414 difficile
1383 362 1662 430 sequentibus
1676 395 1691 420 2
1719 360 1849 409 nobis
1869 362 2102 411 transmisit
2119 361 2267 409 lauda—

421 441 627 492 reddatur
642 473 655 485 .
1382 447 1450 481 tus
1467 438 1706 484 Reu.Pater
1720 430 1858 479 Caesar
1872 434 2111 488 Pronti,cui
2130 432 2266 496 pluri·

524 512 579 559 In
592 513 725 556 Arcae
742 508 872 555 latere
888 504 1125 570 insculptus
1142 503 1199 552 est
1231 507 1322 552 Ge·
1380 522 1454 551 ma
1476 503 1684 551 debemus
1697 534 1712 559 ,
1726 518 1826 549 cum
1841 504 2159 568 antiquitatum
2175 504 2266 547 Ra-

422 579 522 629 hius
537 580 675 625 alatus
694 608 708 633 ,
722 578 796 642 qui
813 574 973 623 finistra
989 592 1152 640 aquam
1168 605 1182 629 2.
1200 588 1321 638 pate·
1378 588 1620 621 uennatum
1639 571 1940 620 solertiffimus
1955 571 2005 619 fit
2019 571 2118 619 inda
2123 584 2267 635 gatorg.

424 649 470 696 ra
490 647 712 696 effundere
748 644 919 694 videtur
935 644 1057 711 super
1076 645 1278 691 flammas
1296 642 1320 689 ἃ

426 717 652 784 supposito
668 713 765 765 vase
778 718 1160 780 ermnpentes.Vas
1171 727 1319 760 autem

426 786 549 853 super
560 790 727 834 Arcam
738 784 995 850 impositum
1012 782 1214 830 est.Idem
1230 783 1318 830 Ge-

428 860 528 904 nius
555 870 685 922 caput
702 854 924 902 dexteram
944 852 1092 901 versus
1107 853 1286 899 inclinat
1299 884 1314 905 ‚

1372 889 1400 915 D

1377 648 1492 692 Arca
1526 643 1614 691 haec
1634 659 1788 690 omnes
1818 640 1921 688 alias
1952 642 2044 689 tam
2077 639 2226 705 figuris
2250 677 2292 702 ,-

1378 712 1514 779 quim
1534 711 1854 777 pulchritudine
1871 712 2120 759 antecellere
2136 707 2270 773 scrip-

1378 784 1454 830 fit.
1494 785 1701 829 Cernitur
1731 782 1848 828 enim
1876 782 1921 826 in
1954 781 2108 829 eadem
2144 782 2268 826 Ana-

1376 851 1585 917 0lyphico
1619 869 1750 915 opere
1784 848 2021 914 insculptus
2067 847 2265 895 Saluator

431 925 550 992 quasi
570 942 761 972 moerore
775 920 1312 987 correptus3quamobrem
1372 920 1577 966 quenilis
1595 917 1751 984 effigiei
1776 921 1821 966 in
1853 918 2072 966 Cathedra
2088 916 2263 970 sedens,

425 1013 499 1060 per
528 996 614 1041 hoc
629 992 1015 1056 hieroglyphicum
1044 988 1313 1036 demonstra-

1370 991 1447 1054 qui
1477 987 1699 1035 dexteram
1742 990 1788 1033 in
1815 992 1911 1035 actu
1942 986 2223 1035 benedicendi
2253 1017 2268 1041 ,

425 1066 459 1111 ri
490 1064 677 1128 opinor,
702 1062 898 1108 Genium
923 1058 1068 1124 ipsum
1087 1057 1231 1106 dolere
1260 1055 1312 1102 de
1327 1081 1358 1121 Β
1376 1060 1542 1112 eleuat,
1566 1056 1726 1104 sinistra
1747 1057 1905 1105 librum
1924 1072 2042 1105 tenet
2058 1096 2067 1106 .
2086 1059 2233 1104 Prima
2253 1086 2268 1122 7

425 1132 574 1180 acerba
591 1144 735 1178 morte
752 1131 860 1176 nati:
875 1130 1004 1174 Plura
1020 1126 1073 1172 de
1089 1123 1314 1172 huiusmo-
1375 1145 1477 1176 cum
1514 1128 1636 1173 tertia
1666 1125 1800 1192 figura
1816 1158 1830 1181 ,
1863 1126 1917 1172 ab
1940 1127 2097 1174 eodem
2113 1128 2242 1172 latere
2257 1156 2273 1180 ,

426 1202 470 1248 di
503 1199 688 1261 Genijs,
717 1196 834 1262 apud
864 1196 1137 1261 Gregorium
1168 1195 1319 1242 Giral-
1379 1195 1985 1263 pannumbrachijeleuatum
2003 1193 2270 1260 affert,st1per

426 1270 535 1318 dum
551 1269 603 1315 de
623 1270 725 1315 Deis
748 1267 962 1315 Gentium
978 1296 993 1322 ,
1010 1274 1054 1312 &
1070 1262 1187 1329 apud
1208 1261 1320 1311 Gas-
1386 1283 1519 1330 quem
1542 1269 1718 1311 Corona
1737 1264 1806 1311 est.
1817 1264 1889 1315 Ad
1901 1264 2116 1313 finistrum
2134 1267 2265 1318 latus,

428 1357 578 1406 parem
599 1337 827 1385 Bar-thium
845 1367 859 1390 ,
879 1338 924 1382 in
940 1334 1022 1382 suis
1043 1332 1321 1381 animaduer-
1385 1335 1477 1401 sup.
1493 1334 1857 1399 nu.4.Virest,qui
1877 1338 2066 1381 Crucem
2082 1333 2267 1389 baiulat,

432 1407 638 1463 sionibus,
660 1406 735 1453 lib.
759 1420 831 1465 52.
847 1423 940 1470 cap.
966 1421 1033 1451 12·
1049 1404 1210 1470 perlegi
1229 1400 1324 1468 pos-
1383 1404 1548 1452 finistra
1564 1403 1749 1451 eandem
1767 1408 1957 1451 Crucem
1973 1422 2073 1450 cum
2089 1420 2172 1450 vna
2184 1404 2274 1449 cla-

427 1477 528 1524 sunt
545 1495 555 1522 ι
573 1476 758 1542 Nosque
773 1477 906 1522 etiam
921 1476 1065 1539 aliqua
1084 1473 1137 1519 de
1158 1471 1318 1519 eisdem
1376 1493 1429 1522 ue
1448 1474 1614 1521 detinet
1633 1492 1646 1530 3
1664 1473 1887 1521 dexteram
1905 1471 2009 1521 vero
2027 1489 2177 1539 panno
2194 1473 2274 1518 ob.

428 1545 674 1612 scripsimus
691 1549 736 1592 in
753 1544 901 1592 nostro
918 1562 1050 1610 opere
1067 1543 1320 1591 VetzMoni-
1378 1545 1556 1592 ductam
1572 1544 1889 1609 praemonstrat·
1909 1545 2064 1608 Figura
2078 1542 2191 1589 sexta
2206 1544 2282 1600 iti--

431 1631 571 1665 ment.
593 1631 751 1679 part-1.
767 1630 942 1679 cap.19.
962 1618 1094 1677 Supra
1110 1614 1320 1659 relatam„
1378 1613 1482 1660 dem
1499 1630 1697 1678 pannum
1727 1613 1913 1677 brachijs
1943 1615 2083 1659 eleuat
2097 1643 2113 1669 ,
2145 1611 2268 1677 super

425 1684 757 1747 inscriptionem
802 1684 931 1729 refert
975 1681 1219 1728 Grutherus
1263 1680 1318 1725 ad
1379 1701 1470 1748 quo
1500 1685 1632 1729 etiam
1664 1687 1845 1730 Corona
1889 1696 2069 1746 apparet
2102 1721 2114 1731 .
2150 1683 2273 1744 Qd

428 1771 528 1819 pag.
548 1756 656 1801 680.
669 1751 745 1798 sub
760 1768 834 1798 nu.
854 1765 898 1809 4.
914 1764 958 1797 at
975 1764 1163 1796 erratam
1179 1788 1188 1796 .
1220 1753 1323 1796 Haec
1382 1757 1560 1812 Corone
1579 1750 1660 1797 istae
1676 1749 2117 1806 ostendant,d1xirnus
2132 1751 2177 1796 in
2192 1767 2272 1798 no-

429 1826 527 1870 {atis
558 1820 610 1867 de
642 1821 721 1867 hac
752 1821 931 1885 profana
953 1821 1067 1864 Arca
1085 1832 1096 1863 :
1131 1817 1185 1864 ad
1220 1818 1367 1874 aliasc
1389 1821 1473 1867 stro
1507 1825 1647 1868 Veter.
1678 1821 1949 1869 Moniment.
1977 1822 2068 1868 vol.
2106 1837 2143 1869 1.
2170 1837 2272 1867 cum

426 1892 725 1942 conuertimus
756 1886 1004 1935 sermonem
1024 1927 1033 1937 .

532 1963 684 2008 Primo
696 1961 812 2013 loco,
825 1957 908 2005 siue
921 1959 965 2004 in
982 1971 1101 2023 parte
1114 1956 1320 2022 superiori

429 2030 612 2079 Tabulae
627 2029 705 2076 sub
724 2029 856 2075 literis
872 2030 928 2076 A.
945 2031 993 2073 B.
1010 2031 1062 2075 C.
1084 2041 1319 2091 antiquum

429 2099 568 2148 refero
595 2098 878 2162 Sepulchrum
896 2127 911 2151 ,
944 2096 1065 2160 quod
1084 2095 1168 2143 vna
1192 2113 1321 2143 cum„

430 2169 531 2232 alijs
548 2171 649 2214 octo
663 2165 804 2211 adhuc
820 2164 1045 2228 supersunt
1074 2167 1119 2210 in
1138 2164 1320 2211 Ecclesia

431 2242 473 2286 S.
486 2235 787 2301 Appollinarif¹
801 2236 847 2279 in
865 2229 1020 2288 Classe,
1036 2248 1153 2280 extra
1171 2250 1320 2280 muros

430 2305 560 2372 ipsius
574 2305 780 2351 Ciuitatis
798 2306 1021 2350 Rauenna>
1036 2321 1049 2359 3
1068 2302 1120 2349 de
1138 2305 1150 2349 i
1153 2302 1320 2366 jsdem..

1384 1887 1527 1936 sermo
1557 1903 1649 1936 erat
1665 1888 1717 1936 de
1732 1889 1911 1936 Ecclesia
1931 1893 1996 1938 SS.
2013 1888 2206 1945 Cosmae,
2230 1899 2278 1937 δε

1384 1961 1623 2015 Damiani‚
1655 1958 1814 2007 &alibi
1831 1991 1844 2004 .
1884 1961 2047 2007 Littera
2068 1962 2126 2006 A.
2143 1959 2274 2023 ipsius

1380 2028 1600 2094 Sepulchri
1614 2031 1723 2076 latus
1742 2059 1755 2083 ,
1768 2027 1823 2074 ad
1841 2027 2050 2076 finisti-am
2065 2027 2276 2094 aspicien-

1380 2101 1494 2145 tium
1508 2099 1587 2154 est,
1600 2113 1756 2164 vtpote
1772 2101 1826 2145 C·
1845 2098 1905 2146 est
1919 2100 2033 2146 latus
2051 2097 2105 2145 ad
2127 2097 2275 2145 dexte*-

1380 2186 1503 2214 ram:
1527 2172 1578 2215 In
1601 2163 1702 2233 'ipsis
1720 2166 1938 2215 ambobus
1964 2166 2168 2216 lateribus
2190 2181 2277 2215 tres

1381 2240 1500 2294 Viri,
1517 2255 1618 2285 cum
1633 2238 1752 2285 libris
1767 2269 1782 2294 ,
1814 2246 1859 2285 &
1879 2236 2178 2286 voluminibus
2207 2238 2276 2284 in-

1385 2305 1538 2373 sculpti
1555 2322 1788 2354 cernuntur
1806 2326 1820 2363 3
1847 2324 1959 2372 quos
1976 2306 2122 2354 iudico
2137 2309 2272 2371 Apo-

434 2373 679 2440 Sepulchris
696 2374 901 2419 meminit
917 2374 1218 2439 Hieronymus
1232 2375 1328 2421 Ru·
1384 2377 1517 2424 stolos
1536 2376 1834 2443 repraes'entare
1849 2408 1864 2432 ‚
1883 2391 2039 2442 vtpote
2053 2391 2174 2424 num.
2200 2391 2217 2421 1
2230 2381 2275 2424 2.'

433 2445 538 2492 beus
555 2474 569 2499 2
590 2442 646 2490 ad
667 2457 833 2489 annum
857 2452 958 2500 526.
970 2459 1163 2498 narrans,
1179 2443 1326 2490 Theo·
1386 2464 1578 2511 quorum
1592 2446 1918 2511 Antefignanus
1932 2446 1989 2494 est
2002 2448 2195 2494 S.Petrus
2211 2443 2277 2491 su-

435 2513 638 2560 doricum
656 2513 915 2560 Gothorum
934 2516 1257 2577 Regem,Arcas
1272 2511 1327 2558 ad
1385 2533 1461 2580 pra
1478 2517 1637 2563 relatus
1655 2515 1711 2562 ad
1726 2532 1852 2563 num.
1868 2532 1914 2576 4-
1941 2518 1988 2563 in
2004 2530 2193 2580 Vtroque
2210 2515 2274 2561 la-

434 2581 663 2630 condenda
689 2581 1012 2631 Defunistorurn
1049 2581 1292 2629 cadauera„
1311 2606 1370 2648 ‚D
1386 2599 1527 2631 terum
1545 2587 1749 2650 timpano
1766 2590 1889 2634 Crux
1908 2585 1966 2633 est
1981 2617 1995 2641 2
2025 2585 2048 2633 ὲ
2071 2588 2189 2632 cuius
2206 2601 2279 2631 ex-

440 2652 653 2716 plurimas
665 2649 754 2697 fieri
774 2649 990 2698 mandafl'e
1007 2670 1058 2698 ex
1075 2669 1294 2698 marmore
1311 2682 1324 2705 ‚

435 2729 478 2768 δέ
497 2738 550 2766 ne
565 2720 716 2766 iniuste
736 2719 1085 2775 distraherentur,
1103 2725 1326 2768 Rauennae

434 2789 626 2836 distribui
638 2788 794 2836 iuffiffe
809 2807 884 2854 per
900 2792 1133 2837 Danielem
1151 2791 1324 2837 illarum

439 2857 666 2906 Artificem
681 2890 696 2914 ,
721 2858 843 2924 quod
859 2859 1107 2925 lugentium
1122 2877 1213 2907 non
1227 2878 1328 2907 mo-

437 2927 540 2973 dicae
567 2926 875 2977 consolationis
893 2959 908 2983 ,
932 2938 975 2977 &
1010 2929 1180 2994 plausus
1214 2929 1297 2976 sitit
1315 2963 1326 2974 .

442 2996 665 3065 Qqniam
681 3029 696 3052 -‚
714 2997 882 3045 dicebat
896 3030 911 3054 ,
927 3001 1076 3048 animie
1093 3000 1264 3049 tantizm
1278 3000 1330 3048 de

447 3066 585 3114 mund
588 3066 604 3112 i
618 3070 921 3131 conuetfitione
932 3070 1154 3134 discedunt
1164 3099 1178 3123 a
1189 3085 1331 3137 corpo-

443 3151 494 3184 ra
525 3136 633 3182 verb
663 3135 805 3186 dulces
821 3139 1061 3205 fiaperstites
1092 3157 1178 3187 non
1205 3141 1334 3188 relin-

442 3216 602 3269 quunt.
623 3203 764 3253 Huius
779 3206 1095 3254 tantummode>
1113 3208 1334 3274 Sepulchri

1383 2658 1604 2702 tremitate
1615 2656 1710 2703 duae
1725 2671 1941 2723 exurgunt
1955 2657 2112 2721 palmae
2125 2687 2140 2712 ,
2153 2653 2276 2718 super

1384 2725 1542 2789 quibus
1561 2724 1655 2772 duae
1684 2725 1874 2773 insident
1905 2725 2118 2772 columbae
2136 2755 2151 2778 ,
2179 2739 2277 2787 qua:

1385 2793 1550 2844 Fideles
1569 2794 1852 2850 denotant,vt
1867 2794 2134 2842 ostendimus
2149 2794 2196 2838 in
2213 2808 2276 2839 no

1385 2862 1465 2910 stra
1482 2866 1624 2929 prima
1660 2880 1782 2930 parte
1797 2870 1893 2914 Vet.
1923 2863 2198 2912 Moniment.
2225 2878 2277 2908 ac

1388 2934 1523 2980 etiam
1553 2933 1664 2981 infra
1690 2932 2084 2982 demonstrabimus
2102 2965 2114 2976 .
2150 2934 2208 2980 Et
2221 2929 2277 2976 de

1388 3003 1474 3049 hoc
1490 3003 1729 3069 Sepulchro
1758 3003 1857 3051 satis
1873 3040 1886 3052 .
1910 3001 1984 3049 Ad
2003 3001 2119 3048 aliud
2134 2998 2276 3049 modo

1393 3089 1474 3118 nos
1489 3087 1796 3121 conuertamus
1827 3071 2045 3137 lignatum
2062 3069 2196 3119 literis
2214 3073 2277 3115 D.

1389 3144 1488 3189 EF.
1503 3146 1553 3189 In
1567 3142 1692 3190 huius
1707 3144 1829 3189 Arcae
1841 3142 2128 3207 explicatione
2147 3138 2276 3187 valde

1392 3209 1731 3260 immorandum
1747 3212 1933 3261 minime
1945 3211 2002 3260 est
2016 3242 2031 3267 ‚
2045 3227 2145 3259 cum
2161 3213 2276 3256 Ima·
2338 3254 2340 3272 ÷

2089 3282 2211 3346 gines
