2378 3674
594 233 1552 289 MEMORABILIUM.

73 300 245 338 Carmina
267 299 302 337 in
322 298 454 337 Abfide
471 298 633 339 Ecclesiae
646 302 678 339 S.
703 303 869 350 Agnetis.
886 315 967 347 127·
987 316 1018 340 2.

172 350 213 388 In
225 349 316 388 atrio
331 349 516 388 Vaticanae
531 349 695 390 Bafilicae.
720 366 775 399 35·
793 366 824 390 2.

171 401 214 438 In
228 399 385 437 Ecclesia
397 399 429 435 S.
443 399 626 438 Restituta:
647 402 811 451 Neapoli.
844 413 922 449 ¹43·
938 416 970 440 2.

172 451 214 487 In
226 448 374 486 Mufivo
390 460 499 496 opere
510 449 626 488 Arcus
640 450 862 499 triumphalis
879 451 1044 491 Ecclesiae

219 498 252 534 S.
266 497 449 537 Laurentii
467 498 501 535 in
516 498 619 545 Agro
634 501 792 539 verano.
820 513 833 536 1
847 513 857 536 ι
865 514 897 542 3.
912 515 942 537 2.

168 548 208 586 In
230 547 402 604 Zophoro
428 547 591 587 Porticus
610 549 774 590 Ecclefiae
790 551 1041 592 Lateranenfis

220 606 390 635 extantia.
419 611 474 639 13.
497 612 529 635 2.

162 646 348 694 juvenalis·
362 646 407 684 de
421 647 681 687 Lateranorum
697 649 861 689 AEdibus.
891 664 922 694 5.
940 664 972 687 2.

171 695 300 735 Literis
311 696 465 733 Mufivis
475 697 635 742 expresla
645 698 680 734 in
695 699 877 739 Vaticanae
894 700 1047 740 Bafilicae

218 744 353 783 Abfide
363 745 453 782 olim
467 747 637 784 extantia.
652 760 698 789 31·
719 761 750 784 2.

151 795 275 834 ,Olim
300 793 461 831 extantia
486 795 522 832 in
546 797 697 847 antiqua
720 799 857 840 Abfide
888 800 1042 840 Basilica:

217 844 476 881 Lateranenfis.
494 851 547 881 16.
566 858 594 883 ι.
614 861 645 883 2.

171 890 360 930 Prudentii
378 891 502 931 Poetae
524 893 712 936 Christiani
738 899 783 937 de
798 900 950 939 AEdibus
971 900 1042 938 La-

217 940 350 979 teranis
365 942 537 980 carmina.
558 959 589 991 7.
608 961 638 984 2.
656 949 714 987 De
727 950 905 990 Vaticana
918 951 1041 990 Bafili-

216 1002 269 1028 ca.
286 1002 333 1037 3¹.
350 1005 385 1028 2.

165 1042 278 1089 Supra
301 1052 553 1083 marmoream
581 1046 716 1086 Sedem
746 1048 910 1088 Ecclesia:
936 1049 1042 1089 Late-

216 1091 386 1128 ranensrs.
404 1105 460 1140 17.
479 1107 507 1130 1.
794 1110 798 1113 ·

170 1140 482 1180 Restaurationem
494 1144 648 1184 ssafilicae
670 1146 914 1186 lateranensis
927 1161 948 1187 a
970 1149 1044 1186 Bo·-

216 1188 348 1226 nifacio
366 1191 399 1227 V
405 1191 463 1228 III.
476 1193 608 1232 faciam
625 1196 838 1237 denotantia
852 1227 860 1236 .
874 1213 908 1245 9.
928 1212 957 1235 1·
973 1197 1009 1235 &L
1022 1210 1042 1235 a

212 1237 340 1283 Sergio
354 1240 414 1276 III.
428 1243 460 1279 8.
481 1256 510 1279 1.

165 1288 476 1330 Restaurationem
494 1291 659 1332 Ecclefiae
683 1296 909 1336 §.Laurentii
933 1297 968 1334 in
985 1297 1038 1333 A·

215 1349 283 1382 gro
297 1337 452 1390 ,Vesano
476 1354 496 1379 a
510 1342 615 1382 Galla
630 1345 784 1384 Placidia
800 1346 932 1386 fastam
946 1345 1038 1386 indi-

210 1394 337 1424 cantia·
359 1401 431 1437 ¹¹3-
448 1404 476 1427 1.

161 1435 350 1491 Vifionem
362 1438 570 1479 innocentii
584 1443 644 1480 ΙΙΙ.
664 1445 912 1484 describentia.
929 1449 963 1482 8.
981 1461 1012 1484 2.

63 1487 205 1526 Carolae
232 1485 345 1533 Cypri
366 1516 379 1535 ‚
415 1489 452 1527 ὃς
476 1490 704 1532 Hierusalem
740 1495 889 1543 Reginae
919 1496 1037 1544 sepul-

112 1539 252 1574 chrum·
270 1540 328 1578 69·
344 1549 368 1572 1·

65 1586 218 1671 Cafflsss
238 1583 420 1625 Antonius
438 1600 458 1626 a
472 1589 591 1630 Puteo
616 1592 736 1643 Eques
761 1594 928 1635 laudatur
940 1622 949 1632 .
964 1609 1034 1643 4.1.

111 1645 146 1673 ᾳ
164 1648 217 1681 14.
237 1646 265 1670 1.

62 1685 217 1723 Carolus
229 1684 440 1725 Barberinus
455 1690 562 1729 Card.
576 1691 754 1730 laudatur.
776 1708 792 1741 3
803 1706 833 1731 1.
851 1708 883 1732 2.

60 1733 216 1773 Carolus
229 1733 411 1775 Cartarius
426 1738 705 1780 Advocatorum
719 1743 1032 1783 Confistorialium

111 1784 305 1829 Decanu5‚
326 1784 364 1821 &
387 1787 538 1827 Archivi
567 1792 765 1839 Apostolici
782 1794 893 1832 Castri
915 1794 1032 1832 Sanfti

107 1833 245 1878 Angeli
257 1833 388 1872 Custos
402 1836 577 1877 laudatur.
592 1853 662 1879 120.
678 1855 710 1877 2.
724 1841 937 1883 Trastatum
950 1844 1030 1882 edi-

110 1881 161 1918 dit
176 1882 223 1919 de
237 1881 329 1921 Rosa
345 1886 467 1924 Aurea
481 1914 489 1922 .
506 1888 587 1926 ibid.

61 1931 215 1968 Carolus
236 1932 375 1971 Comes
389 1935 619 1977 Mufivarius.
634 1944 692 1985 ὅς.
715 1955 744 1977 1.

59 1980 214 2018 Carolus
225 1982 384 2030 Magnus
395 1985 526 2031 gradus
536 1989 689 2027 Bafilicae
705 1991 806 2031 Beati
821 1992 916 2031 Petri
932 1993 1030 2032 oscu-

106 2030 212 2067 latur.
226 2046 242 2077 3
249 2046 285 2077 9.
306 2032 405 2071 2.Ab
421 2032 605 2075 Hadriano
617 2039 642 2075 l.
666 2040 768 2086 super
789 2042 918 2089 gradus
933 2043 1030 2087 ejus-

102 2078 189 2115 dem
215 2080 366 2120 Basilicae
382 2084 655 2131 recipitur.ibid.
673 2090 929 2130 Donationem
946 2093 1031 2130 Bea-

105 2137 146 2167 to
163 2127 274 2167 Petro
290 2159 302 2177 ,
316 2131 353 2168 Sc
369 2131 628 2175 Successoribus
640 2137 727 2178 fecit
738 2169 746 2176 .
764 2147 821 2183 85·
841 2155 871 2178 1.
885 2141 1032 2179 Funda-

106 2177 160 2215 vit
176 2177 368 2218 Ecclesiam
385 2181 442 2219 SS.
460 2182 656 2225 Salvatoris
669 2187 715 2226 de
726 2190 874 2230 Offibus
887 2220 900 2238 ‚
925 2192 1029 2231 five-2

103 2226 138 2264 in
153 2226 320 2276 Magello
333 2257 344 2277 ,
372 2241 433 2271 aut
461 2231 624 2275 Macello
637 2267 648 2286 ‚
672 2241 731 2278 vel
755 2240 801 2279 de
828 2239 1029 2280 Torrione.

102 2290 164 2323 97·
185 2292 211 2314 1·

40 2323 237 2363 ¹Cartarius
251 2327 405 2367 Carolus
421 2358 429 2368 .
445 2333 492 2371 V.
508 2335 660 2375 Carolus
673 2338 854 2379 Cartarius
870 2367 879 2378 .

54 2373 110 2410 SS.
125 2372 283 2411 Caffiani
297 2376 393 2416 Proti
408 2381 444 2418 3<
459 2381 654 2434 Hiacynthi
667 2387 804 2428 Sacella
818 2403 838 2428 a
849 2392 1028 2441 Symma-

105 2426 176 2460 cho
189 2421 283 2470 Papa
295 2437 421 2466 ornata
434 2459 441 2466 .
454 2438 512 2469 61.
529 2447 557 2471 1.

53 2471 85 2508 S.
99 2472 305 2529 Catharina:
320 2475 366 2511 V.
380 2477 417 2513 ὃ(
430 2479 484 2518 Μ.
502 2483 643 2523 Altare.
663 2500 717 2533 57.
734 2501 766 2526 2.
793 2490 853 2529 Ab
876 2489 1028 2538 AEgidio

101 2521 285 2560 Laurentii
297 2522 343 2559 de
357 2523 466 2565 Gerla
481 2529 666 2572 dotatum.
685 2543 781 2581 58-1·

53 2570 233 2609 Cathedra
248 2572 286 2609 Β.
302 2571 400 2612 Petri
412 2576 448 2614 in
466 2579 580 2618 Altari
599 2583 682 2622 Vat.
697 2586 798 2623 Bafil-
810 2601 871 2632 90-
897 2603 927 2627 1.
953 2590 1026 2630 Im,

98 2620 274 2659 Oratorio
288 2619 457 2664 Hadriani
474 2628 498 2664 I.
520 2642 573 2676 55.
592 2644 622 2666 ι.

149 2670 297 2728 ΜυῘΛΞνΟ
313 2683 421 2720 opere
445 2679 605 2726 expreisa
630 2681 666 2719 in
691 2682 869 2723 Zonhoro
899 2686 1026 2727 Porti-

199 2731 261 2774 cus
291 2720 458 2776 Ecclesiae
473 2727 722 2770 Lateranenfis
735 2734 858 2773 similis
873 2736 936 2782 illi,
946 2751 1022 2787 quae

200 2781 235 2806 in
250 2769 429 2811 Vaticana
448 2776 593 2817 Basilica
619 2780 828 2821 asservatur.
848 2798 900 2827 13·
920 2799 950 2822 1.

49 2816 200 2874 Carinus
213 2818 356 2858 Nudus
372 2823 454 2862 Alta
461 2837 498 2864 re
512 2827 544 2863 S.
559 2829 683 2868 Mariae
707 2830 752 2870 de
774 2833 1021 2876 Misericordia

98 2877 230 2906 erexit.
243 2882 302 2916 74.
321 2883 350 2906 ι.

47 2917 94 2956 de
109 2918 278 2956 Ceccano
289 2920 483 2961 Annibaldi
496 2926 603 2965 Card.
615 2930 840 2979 sepulchrum
858 2963 866 2971 .
880 2949 901 2981 7
911 2947 924 2971 1
935 2964 943 2972 .
963 2949 995 2973 2.

47 2967 224 3006 Cedualla
237 2970 565 3017 Anglo-Saxonum
583 2979 656 3018 Rex
681 2992 701 3017 a
717 2980 842 3027 Sergio
856 2984 880 3021 l.
897 2985 1017 3027 bapti-

94 3027 206 3071 zatus.
223 3030 278 3062 52.
298 3033 328 3056 2.
344 3021 383 3059 In
396 3022 575 3064 Vaticana
587 3028 689 3067 Balil.
706 3030 865 3077 sepultus
880 3060 890 3069 .
905 3033 993 3071 ibid.

47 3065 171 3104 cencii
183 3067 382 3108 Camerarii
407 3075 672 3116 narratiuncula
691 3079 736 3116 de
754 3080 880 3120 Statua
905 3094 1017 3126 eoue-

91 3116 218 3171 striM·
235 3118 376 3158 Aurelii
389 3121 619 3165 Constantini
645 3130 840 3175 appellata.
858 3146 913 3170 20.
938 3130 966 3170 i.

42 3164 156 3203 Cervi
179 3178 215 3203 in
235 3167 389 3210 Mufivis
418 3173 584 3221 operibus
609 3177 758 3226 expreffi
785 3180 871 3229 quid
896 3181 1014 3221 deno-

89 3223 166 3253 tent
180 3239 189 3248 ·
205 3229 262 3264 44.
282 3233 314 3256 2.

1145 302 1385 350 praesentent.
1415 317 1495 354 ¹54·
1511 320 1544 343 2.
1565 304 1689 351 &155.
1712 319 1744 342 1.

1096 350 1240 391 Chorus
1253 353 1529 396 canonicorum
1550 355 1704 394 Bafilicae
1733 354 1988 397 Lateranenfis.
2006 372 2061 410 ¹5·

1151 414 1181 437 ι.
1196 402 1232 439 Sc
1250 415 1304 448 17.
1324 416 1354 439 ι-

1195 452 1347 490 Basilica:
1367 453 1561 492 Vaticanae.
1574 459 1636 492 62.
1655 469 1684 492 1.

1094 500 1375 540 Christianorum
1390 516 1542 550 corpora
1568 516 1706 551 reperta
1729 506 1764 544 in
1785 505 2066 548 demolitione,

1143 551 1307 590 Ecclesia?
1324 551 1356 588 S.
1370 553 1553 592 Ambrosii
1566 566 1652 592 cum
1669 556 1819 602 capsulis
1829 567 1914 595 ante
1930 557 2066 605 pestus,

1146 600 1320 650 inquibus
1334 612 1410 639 erat
1429 603 1630 651 exprestum
1647 605 1775 644 Christi
1788 618 1925 644 nomen
1937 617 1984 644 ex
1995 619 2065 645 una

1144 661 1247 698 parte
1259 649 1393 688 Graecis
1415 652 1522 690 literis
1536 683 1546 699 ‚
1563 664 1606 691 ex
1628 656 1742 694 altera
1763 657 2064 696 Columbinum-1

1150 698 1374 747 effigies-95.
1391 702 1469 739 m&
1482 710 1544 748 96.
1563 716 1593 739 1.

1099 749 1135 787 C
1139 749 1378 797 hristophorus
1398 749 1644 798 deJacobatiis
1654 754 1762 794 Card.
1778 754 1906 794 Altare
1919 755 1953 793 S.
1964 756 2073 794 Seba-

1144 798 1243 836 stiani
1266 798 1439 846 restituit,
1455 813 1498 840 ac
1515 802 1672 842 dotavit.
1691 809 1747 847 83.
1766 819 1797 842 1.

1099 848 1372 896 christophorus
1382 849 1428 887 de
1444 850 1657 891 Marombus
1673 855 1785 893 Card.
1801 854 1838 892 &
1853 858 1932 901 ejus
1945 855 2063 905 sepul«

1139 900 1279 936 chrum·
1290 901 1350 940 69.
1370 912 1401 935 2.

1093 947 1252 986 Christus
1270 945 1306 984 in
1332 947 1484 988 Coelum
1505 951 1703 991 ascendens
1724 953 1892 1002 imprefla
1913 956 2062 1005 vestigia

1139 996 1275 1046 pedum
1298 997 1451 1049 reliquit,
1468 1012 1544 1049 qnae
1561 1014 1768 1051 numquam
1793 1003 1906 1042 deleri
1931 1015 2062 1053 potue-

1141 1055 1222 1084 runt
1237 1075 1249 1094 ‚
1261 1057 1378 1095 neque
1392 1048 1489 1087 terto
1501 1077 1512 1096 ‚
1527 1060 1590 1089 aut
1604 1051 1739 1090 fornice
1753 1053 1884 1091 obduci
1901 1065 1945 1092 ea
1961 1067 2058 1103 pars,

1144 1107 1221 1144 quae
1243 1096 1294 1134 eis
1315 1095 1603 1144 supereminebat
1617 1129 1629 1147 ‚
1656 1103 1750 1140 adeo
1764 1113 1804 1141 ut
1818 1102 1853 1139 id
1874 1103 2056 1150 spatium..

1143 1156 1309 1192 apertum
1323 1146 1488 1186 relietum
1503 1149 1624 1188 fuerit.
1642 1157 1720 1189 162.
1740 1163 1771 1188 ε.
1786 1153 1821 1190 3<
1843 1159 1959 1198 163.1.

1092 1194 1369 1281 Ch1·il},inome11
1383 1196 1669 1249 Hieroglyphico
1682 1204 1751 1271 >R
1770 1203 2057 1253 expreffumax7.

1145 1257 1177 1280 2.
1217 1253 1227 1262 Γ
1245 1258 1258 1281 1
1295 1258 1323 1280 1·
1344 1258 1373 1281 1.

1087 1292 1146 1331 SS.
1158 1260 1350 1343 Cinyianti
1365 1293 1402 1331 &
1413 1296 1532 1333 Dariae
1547 1298 1686 1335 Altare.
1704 1311 1716 1333 1
1727 1311 1757 1339 ς.
1779 1311 1793 1334 1

1088 1341 1228 1381 Ciborii
1247 1356 1314 1391 pro
1324 1343 1572 1384 conservando
1585 1346 1736 1386 Sudario
1747 1350 1795 1388 D.
1817 1350 1903 1399 N.J.
1915 1351 1960 1390 C.
1987 1351 2052 1390 de-

1134 1392 1292 1438 scriptio.
1309 1406 1328 1435 7
1335 1406 1366 1439 ς.
1383 1406 1416 1429 2.

1087 1441 1283 1482 Ciborium
1305 1455 1555 1482 marmoreum
1572 1444 1674 1491 supra
1699 1447 1816 1486 Aram
1830 1451 2055 1491 maximam..

1133 1491 1285 1530 Bafilicae
1307 1492 1520 1532 Lateranen.
1544 1496 1588 1532 ab
1605 1495 1756 1536 Urbano
1772 1498 1820 1535 V.
1841 1498 1878 1536 ὃς
1904 1511 1924 1536 a
1947 1499 2056 1540 Petro

1135 1540 1298 1589 Rogerio
1320 1543 1464 1586 Cardin.
1482 1554 1626 1582 necnon
1654 1557 1675 1583 a
1691 1546 1791 1596 Rege
1808 1546 2056 1591 Francorum..

1133 1591 1387 1629 construfffflm.
1408 1606 1419 1628 ι
1433 1605 1460 1632 5.
1477 1606 1507 1630 2.

1086 1638 1211 1678 Circus
1224 1640 1304 1685 Caji
1319 1669 1331 1688 ‚
1353 1642 1410 1679 seu
1425 1642 1593 1682 Neronis.
1611 1650 1667 1684 28.
1689 1659 1723 1683 1.

1085 1687 1210 1728 Circus
1225 1689 1445 1736 Vaticanus,
1473 1691 1506 1729 in
1520 1705 1594 1742 quo
1620 1695 1694 1732 ludi
1708 1697 2006 1746 celebrabantur,
2032 1710 2056 1736 a

1134 1738 1370 1779 Constantino
1383 1741 1434 1777 M.
1447 1741 1660 1782 demolitus.
1677 1759 1734 1793 29.
1751 1759 1782 1783 2.

1083 1787 1225 1826 Claudii
1238 1788 1490 1839 Aquaeduetus.
1506 1805 1560 1829 20.
1579 1806 1610 1829 2-

1083 1836 1224 1878 Clavus
1239 1869 1250 1885 ,
1267 1852 1339 1888 quo
1353 1839 1511 1878 Christus
1534 1842 1716 1881 Domitius
1742 1845 1852 1884 Cruci
1874 1846 1944 1885 fuit
1971 1845 2053 1885 affi-

1129 1900 1193 1928 xus
1205 1919 1215 1934 ,
1230 1888 1274 1926 ad
1292 1888 1485 1927 sedandam
1504 1893 1761 1939 tempestatem
1783 1895 1818 1933 in
1845 1907 1947 1934 marc
1960 1909 2051 1945 pro-

1131 1939 1242 1983 jec‘tus
1262 1940 1304 1975 ab
1316 1937 1455 1976 Helena
1469 1940 1631 1988 Augusta
1641 1970 1649 1978 .
1670 1956 1681 1978 1
1694 1957 1748 1990 25.
1765 1957 1794 1980 1.

1082 1988 1260 2027 Clemens
1274 1987 1335 2027 IX.
1357 1988 1402 2024 ad
1420 1989 1458 2026 Β.
1471 1987 1567 2028 Petri
1597 1991 1882 2034 Confeffionem
1910 1995 2050 2035 oratio-

1129 2039 1181 2075 nis
1193 2035 1298 2077 causa
1314 2038 1455 2076 secreto
1468 2040 1677 2079 accedebat.
1698 2050 1778 2083 108.
1798 2058 1828 2082 1.

1083 2087 1271 2126 coelestini
1287 2088 1348 2124 ΠΙ.
1363 2087 1602 2134 sepulchrum.
1615 2093 1673 2126 68.
1698 2106 1726 2131 ι.

1227 2136 1545 2185 lV.sepulchrum.
1560 2142 1618 2175 68.
1636 2153 1668 2177 2.

1083 2187 1357 2227 Coemeterium
1385 2186 1536 2224 Bafilicae
1567 2189 1602 2226 V
1604 2191 1753 2230 aticanae
1783 2192 1965 2232 addietum
1996 2207 2049 2233 a-,

1131 2237 1255 2274 Leone
1277 2235 1343 2274 IV.
1368 2247 1435 2282 pro
1459 2235 1668 2283 sepeliendis
1690 2240 1912 2289 Peregrinis.
1940 2247 1960 2280 8
1964 2258 1997 2286 3-
2018 2258 2050 2282 2.

1128 2285 1300 2331 Ejusdem
1317 2285 1412 2322 fitus.
1424 2298 1481 2330 95.
1502 2299 1531 2322 1.

1078 2334 1124 2373 de
1139 2336 1323 2375 Columna
1336 2335 1495 2381 Agnetis
1515 2336 1755 2383 sepulchrum.
1767 2353 1824 2389 71.
1843 2355 1875 2378 2.

1081 2386 1277 2424 Columnae
1302 2383 1380 2422 XII.
1398 2394 1480 2423 ante
1496 2386 1612 2426 Aram
1633 2391 1831 2428 maximam
1855 2391 1939 2430 Vat.
1954 2393 2052 2431 Bali-

1226 2436 1332 2472 iicaee
1346 2432 1507 2481 Templo
1535 2435 1736 2478 Salomonis
1758 2452 1779 2477 a
1805 2440 2049 2482 Constantino

1225 2486 1385 2522 Romam
1408 2484 1564 2523 advefiae
1580 2501 1591 2525 2·
1606 2490 1688 2536 vel,
1703 2500 1742 2529 ut
1757 2489 1834 2528 aliis
1857 2492 1975 2540 placet
1990 2521 2003 2540 ,
2029 2506 2050 2532 e

1226 2533 1387 2581 Templo
1402 2534 1523 2573 Dianae
1539 2536 1729 2584 Ephefinae.
1747 2552 1803 2584 51.
1817 2555 1847 2578 2.

1176 2584 1303 2622 AEneae
1317 2585 1351 2620 in
1368 2583 1526 2623 Ecclesia
1539 2585 1782 2627 Lateranenfi.
1807 2602 1858 2631 ις.
1880 2604 1911 2626 2.

1175 2632 1323 2671 Eximiae
1344 2634 1601 2681 magnitudinis
1619 2637 1650 2674 in
1662 2638 1899 2677 aedificatione
1925 2640 2049 2680 Eccle-

1222 2684 1277 2720 siae
1300 2683 1332 2718 S.
1346 2682 1470 2721 Mariae
1486 2684 1520 2721 in
1535 2684 1652 2723 Gallia
1674 2699 1695 2724 a
1715 2687 1826 2726 tribus
1842 2689 1959 2737 pueris
1977 2691 2049 2729 mi-

1221 2732 1384 2771 raculose
1402 2735 1562 2770 elevatae.
1579 2746 1652 2781 ¹45·
1675 2749 1708 2772 ι.

1073 2777 1257 2819 Columna
1287 2781 1589 2836 Milliariaprope
1606 2785 1800 2826 Ecclesiam
1821 2787 1876 2826 SS.
1890 2789 2047 2829 Marcel-

1220 2831 1284 2868 finj
1306 2830 1343 2866 &-
1357 2829 1465 2882 ·Petri
1488 2842 1651 2881 reperta,
1675 2837 1718 2873 ab
1741 2835 1901 2876 Austore
1922 2839 1959 2877 in
1981 2839 2047 2878 suo

1217 2877 1391 2925 lapidario
1416 2878 1548 2918 Museo
1569 2881 1750 2922 servatur.
1782 2900 1860 2933 123.
1893 2902 1923 2924 2.
1957 2889 2043 2927 Alia

1217 2928 1399 2966 Columna
1421 2928 1589 2969 Milliaria
1604 2932 1640 2970 in
1661 2933 1793 2974 Museo
1805 2937 1934 2984 pariter
1957 2939 2041 2977 Au-

1219 2977 1336 3014 c'toris.
1353 2976 1435 3013 ibid.

1167 3026 1313 3065 Vitinea
1335 3026 1369 3063 In
1397 3025 1480 3065 Var.
1495 3030 1592 3067 Bafil.
1618 3033 1806 3080 aJordano
1831 3036 1877 3073 de
1901 3037 2040 3076 Urfiuis

1213 3074 1322 3114 Card.
1338 3077 1506 3129 cancellis
1522 3079 1645 3117 ferreis
1667 3082 1919 3133 circumsepta.
1939 3094 1995 3134 58.
2012 3103 2044 3125 2.

1065 3123 1242 3163 Cometes
1265 3123 1366 3162 dirus
1390 3125 1482 3163 visus
1505 3138 1590 3167 ante
1620 3131 1828 3172 Clementis
1856 3135 1920 3174 VI.
1961 3139 2046 3175 obi-

1113 3185 1204 3213 tum.
1222 3180 1279 3216 85.
1297 3187 1327 3211 1.

1061 3222 1198 3261 Comes
1215 3224 1370 3262 Carolus
1388 3224 1619 3268 Musivarius.
1631 3236 1689 3273 65.
1711 3246 1741 3269 2.

40 3263 223 3304 Cherubin
241 3268 276 3305 in
308 3271 458 3310 musivis
485 3276 650 3323 operibus
677 3277 803 3328 depic'ti
830 3280 914 3329 quid
941 3293 1003 3320 re·
1057 3273 1103 3311 de
1118 3273 1326 3314 Comitibus
1346 3273 1464 3313 Mffla
1484 3278 1615 3318 Alfflfe
1629 3281 1809 3321 &Mariae
1829 3286 1878 3325 V·
1889 3285 2043 3325 Annum

1944 3336 2043 3375 ciatae
