<?xml version="1.0" encoding="UTF-8"?>
<!DOCTYPE html PUBLIC "-//W3C//DTD XHTML 1.0 Transitional//EN"
    "http://www.w3.org/TR/xhtml1/DTD/xhtml1-transitional.dtd">
<html xmlns="http://www.w3.org/1999/xhtml" xml:lang="en" lang="en">
 <head>
  <title>
</title>
<meta http-equiv="Content-Type" content="text/html;charset=utf-8" />
  <meta name='ocr-system' content='tesseract 3.04.00' />
  <meta name='ocr-capabilities' content='ocr_page ocr_carea ocr_par ocr_line ocrx_word'/>
</head>
<body>
  <div class='ocr_page' id='page_1' title='image "./joannisciampinir2thru3ciam_0373.png"; bbox 0 0 2378 3674; ppageno 0'>
   <div class='ocr_carea' id='block_1_1' title="bbox 0 252 1069 1519">
    <p class='ocr_par' dir='ltr' id='par_1_1' title="bbox 0 252 1069 1096">
     <span class='ocr_line' id='line_1_1' title="bbox 743 252 1006 305; baseline -0.015 -1"><span class='ocrx_word' id='word_1_1' title='bbox 743 256 782 305; x_wconf 88' lang='lat' dir='ltr'>C</span> <span class='ocrx_word' id='word_1_2' title='bbox 851 252 895 301; x_wconf 84' lang='grc' dir='ltr'><strong><em>Α</em></strong></span> <span class='ocrx_word' id='word_1_3' title='bbox 968 253 1006 301; x_wconf 90' lang='lat' dir='ltr'><strong><em>P</em></strong></span> 
     </span>
     <span class='ocr_line' id='line_1_2' title="bbox 2 321 1065 395; baseline -0.005 -21"><span class='ocrx_word' id='word_1_4' title='bbox 2 389 3 392; x_wconf 8' lang='grc' dir='ltr'><strong>Ἴ</strong></span> <span class='ocrx_word' id='word_1_5' title='bbox 79 343 241 395; x_wconf 77' lang='lat' dir='ltr'>quanta</span> <span class='ocrx_word' id='word_1_6' title='bbox 269 328 472 375; x_wconf 81' lang='lat' dir='ltr'>culminis</span> <span class='ocrx_word' id='word_1_7' title='bbox 507 340 614 371; x_wconf 80' lang='lat' dir='ltr'>nune</span> <span class='ocrx_word' id='word_1_8' title='bbox 648 325 830 373; x_wconf 72' lang='lat' dir='ltr'>&#39;videtur</span> <span class='ocrx_word' id='word_1_9' title='bbox 846 357 861 378; x_wconf 93' lang='lat'>,</span> <span class='ocrx_word' id='word_1_10' title='bbox 897 321 956 370; x_wconf 83' lang='lat' dir='ltr'>ad</span> <span class='ocrx_word' id='word_1_11' title='bbox 967 322 1065 394; x_wconf 75' lang='lat' dir='ltr'>cffi-</span> 
     </span>
     <span class='ocr_line' id='line_1_3' title="bbox 2 395 1062 451; baseline -0.004 -6"><span class='ocrx_word' id='word_1_12' title='bbox 2 396 3 433; x_wconf 61' lang='lat'><em>3</em></span> <span class='ocrx_word' id='word_1_13' title='bbox 79 399 257 446; x_wconf 76' lang='lat' dir='ltr'>rendum</span> <span class='ocrx_word' id='word_1_14' title='bbox 278 396 456 447; x_wconf 55' lang='lat' dir='ltr'>Christo</span> <span class='ocrx_word' id='word_1_15' title='bbox 474 395 565 445; x_wconf 87' lang='lat' dir='ltr'>Deo</span> <span class='ocrx_word' id='word_1_16' title='bbox 597 413 745 444; x_wconf 81' lang='lat' dir='ltr'>munus</span> <span class='ocrx_word' id='word_1_17' title='bbox 761 409 934 443; x_wconf 80' lang='lat' dir='ltr'>ornatus</span> <span class='ocrx_word' id='word_1_18' title='bbox 950 429 966 451; x_wconf 90' lang='lat'>,</span> <span class='ocrx_word' id='word_1_19' title='bbox 997 409 1062 442; x_wconf 80' lang='lat' dir='ltr'>at-</span> 
     </span>
     <span class='ocr_line' id='line_1_4' title="bbox 78 467 505 534; baseline 0.002 -19"><span class='ocrx_word' id='word_1_20' title='bbox 78 486 157 534; x_wconf 80' lang='lat' dir='ltr'>que</span> <span class='ocrx_word' id='word_1_21' title='bbox 171 468 392 517; x_wconf 81' lang='lat' dir='ltr'>dedicatus</span> <span class='ocrx_word' id='word_1_22' title='bbox 409 467 476 516; x_wconf 63' lang='lat' dir='ltr'>es&#39;l</span> <span class='ocrx_word' id='word_1_23' title='bbox 497 501 505 511; x_wconf 88' lang='lat'>-</span> 
     </span>
     <span class='ocr_line' id='line_1_5' title="bbox 0 534 1069 599; baseline -0.003 -16"><span class='ocrx_word' id='word_1_24' title='bbox 0 573 1 593; x_wconf 26' lang='lat' dir='ltr'>i</span> <span class='ocrx_word' id='word_1_25' title='bbox 153 551 197 595; x_wconf 83' lang='lat'>3.</span> <span class='ocrx_word' id='word_1_26' title='bbox 236 535 450 585; x_wconf 82' lang='lat' dir='ltr'>Ecclefiae</span> <span class='ocrx_word' id='word_1_27' title='bbox 466 542 625 599; x_wconf 84' lang='lat' dir='ltr'>januas</span> <span class='ocrx_word' id='word_1_28' title='bbox 644 534 822 582; x_wconf 88' lang='lat' dir='ltr'>indicat</span> <span class='ocrx_word' id='word_1_29' title='bbox 836 569 852 591; x_wconf 92' lang='lat'>,</span> <span class='ocrx_word' id='word_1_30' title='bbox 870 549 1069 599; x_wconf 87' lang='lat' dir='ltr'>quarum</span> 
     </span>
     <span class='ocr_line' id='line_1_6' title="bbox 0 597 1069 673; baseline -0.004 -17"><span class='ocrx_word' id='word_1_31' title='bbox 0 603 1 620; x_wconf 60' lang='lat'><em>³</em></span> <span class='ocrx_word' id='word_1_32' title='bbox 77 606 239 655; x_wconf 84' lang='lat' dir='ltr'>media</span> <span class='ocrx_word' id='word_1_33' title='bbox 275 606 452 655; x_wconf 89' lang='lat' dir='ltr'>dicitur</span> <span class='ocrx_word' id='word_1_34' title='bbox 473 608 623 673; x_wconf 87' lang='lat' dir='ltr'>Regia</span> <span class='ocrx_word' id='word_1_35' title='bbox 641 641 657 662; x_wconf 91' lang='lat'>,</span> <span class='ocrx_word' id='word_1_36' title='bbox 691 624 742 654; x_wconf 83' lang='lat' dir='ltr'>ac</span> <span class='ocrx_word' id='word_1_37' title='bbox 775 622 899 652; x_wconf 88' lang='lat' dir='ltr'>nunc</span> <span class='ocrx_word' id='word_1_38' title='bbox 927 597 1069 652; x_wconf 78' lang='lat' dir='ltr'>habet</span> 
     </span>
     <span class='ocr_line' id='line_1_7' title="bbox 0 675 1069 743; baseline -0.001 -20"><span class='ocrx_word' id='word_1_39' title='bbox 0 682 2 689; x_wconf 71' lang='grc'><strong>“</strong></span> <span class='ocrx_word' id='word_1_40' title='bbox 78 677 244 725; x_wconf 78' lang='lat' dir='ltr'>valvas</span> <span class='ocrx_word' id='word_1_41' title='bbox 261 695 405 726; x_wconf 83' lang='lat' dir='ltr'>aeneas</span> <span class='ocrx_word' id='word_1_42' title='bbox 423 679 553 724; x_wconf 84' lang='lat' dir='ltr'>mirae</span> <span class='ocrx_word' id='word_1_43' title='bbox 570 675 913 743; x_wconf 79' lang='lat' dir='ltr'>magnitudinis</span> <span class='ocrx_word' id='word_1_44' title='bbox 929 687 1069 739; x_wconf 84' lang='lat' dir='ltr'>atque</span> 
     </span>
     <span class='ocr_line' id='line_1_8' title="bbox 74 744 1067 815; baseline -0.003 -22"><span class='ocrx_word' id='word_1_45' title='bbox 74 747 443 815; x_wconf 85' lang='lat' dir='ltr'>pulchritudinis</span> <span class='ocrx_word' id='word_1_46' title='bbox 461 781 476 804; x_wconf 93' lang='lat'>,</span> <span class='ocrx_word' id='word_1_47' title='bbox 491 766 514 793; x_wconf 87' lang='lat' dir='ltr'>a</span> <span class='ocrx_word' id='word_1_48' title='bbox 540 744 765 794; x_wconf 87' lang='lat' dir='ltr'>Pontifice</span> <span class='ocrx_word' id='word_1_49' title='bbox 785 745 926 794; x_wconf 83' lang='lat' dir='ltr'>Alex.</span> <span class='ocrx_word' id='word_1_50' title='bbox 948 747 1067 793; x_wconf 81' lang='lat' dir='ltr'>VH.</span> 
     </span>
     <span class='ocr_line' id='line_1_9' title="bbox 77 812 1067 875; baseline -0.001 -12"><span class='ocrx_word' id='word_1_51' title='bbox 77 816 247 875; x_wconf 86' lang='lat' dir='ltr'>Urbis,</span> <span class='ocrx_word' id='word_1_52' title='bbox 262 836 314 864; x_wconf 86' lang='lat' dir='ltr'>ac</span> <span class='ocrx_word' id='word_1_53' title='bbox 332 813 652 864; x_wconf 79' lang='lat' dir='ltr'>Ecclefiarum</span> <span class='ocrx_word' id='word_1_54' title='bbox 670 813 874 864; x_wconf 83' lang='lat' dir='ltr'>mirifico</span> <span class='ocrx_word' id='word_1_55' title='bbox 891 812 1067 864; x_wconf 84' lang='lat' dir='ltr'>restau-</span> 
     </span>
     <span class='ocr_line' id='line_1_10' title="bbox 72 885 1068 943; baseline 0 -9"><span class='ocrx_word' id='word_1_56' title='bbox 72 901 227 935; x_wconf 85' lang='lat' dir='ltr'>ratore</span> <span class='ocrx_word' id='word_1_57' title='bbox 247 885 473 934; x_wconf 78' lang='lat' dir='ltr'>conflatas</span> <span class='ocrx_word' id='word_1_58' title='bbox 489 922 505 943; x_wconf 92' lang='lat'>,</span> <span class='ocrx_word' id='word_1_59' title='bbox 539 904 597 934; x_wconf 81' lang='lat' dir='ltr'>ex</span> <span class='ocrx_word' id='word_1_60' title='bbox 631 887 735 935; x_wconf 91' lang='lat' dir='ltr'>aliis</span> <span class='ocrx_word' id='word_1_61' title='bbox 753 887 911 935; x_wconf 85' lang='lat' dir='ltr'>valvis</span> <span class='ocrx_word' id='word_1_62' title='bbox 930 887 1068 934; x_wconf 85' lang='lat' dir='ltr'>aeneis</span> 
     </span>
     <span class='ocr_line' id='line_1_11' title="bbox 73 955 1067 1006; baseline 0.001 -2"><span class='ocrx_word' id='word_1_63' title='bbox 73 956 294 1005; x_wconf 63' lang='lat' dir='ltr'>detractis</span> <span class='ocrx_word' id='word_1_64' title='bbox 310 955 367 1003; x_wconf 90' lang='lat' dir='ltr'>ab</span> <span class='ocrx_word' id='word_1_65' title='bbox 385 955 590 1005; x_wconf 73' lang='lat' dir='ltr'>Ecclesia</span> <span class='ocrx_word' id='word_1_66' title='bbox 607 960 650 1005; x_wconf 88' lang='lat' dir='ltr'>S.</span> <span class='ocrx_word' id='word_1_67' title='bbox 668 957 904 1006; x_wconf 77' lang='lat' dir='ltr'>Hadriani</span> <span class='ocrx_word' id='word_1_68' title='bbox 920 958 966 1004; x_wconf 91' lang='lat' dir='ltr'>in</span> <span class='ocrx_word' id='word_1_69' title='bbox 983 960 1067 1005; x_wconf 47' lang='lat' dir='ltr'>Fon</span> 
     </span>
     <span class='ocr_line' id='line_1_12' title="bbox 73 1026 1023 1096; baseline 0.003 -23"><span class='ocrx_word' id='word_1_70' title='bbox 73 1044 126 1073; x_wconf 91' lang='lat' dir='ltr'>ro</span> <span class='ocrx_word' id='word_1_71' title='bbox 148 1028 319 1074; x_wconf 84' lang='lat' dir='ltr'>Boario</span> <span class='ocrx_word' id='word_1_72' title='bbox 338 1061 352 1082; x_wconf 78' lang='grc'>,</span> <span class='ocrx_word' id='word_1_73' title='bbox 391 1026 450 1074; x_wconf 89' lang='lat' dir='ltr'>ad</span> <span class='ocrx_word' id='word_1_74' title='bbox 467 1029 699 1095; x_wconf 87' lang='lat' dir='ltr'>Capitolii</span> <span class='ocrx_word' id='word_1_75' title='bbox 732 1027 993 1096; x_wconf 81' lang='lat' dir='ltr'>crepidines</span> <span class='ocrx_word' id='word_1_76' title='bbox 1013 1064 1023 1075; x_wconf 90' lang='lat'><strong><em>.</em></strong></span> 
     </span>
    </p>

    <p class='ocr_par' dir='ltr' id='par_1_2' title="bbox 140 1098 582 1159">
     <span class='ocr_line' id='line_1_13' title="bbox 140 1098 582 1159; baseline 0.007 -18"><span class='ocrx_word' id='word_1_77' title='bbox 140 1115 189 1159; x_wconf 87' lang='lat'>4.</span> <span class='ocrx_word' id='word_1_78' title='bbox 230 1098 369 1144; x_wconf 88' lang='lat' dir='ltr'>Porta</span> <span class='ocrx_word' id='word_1_79' title='bbox 390 1098 553 1146; x_wconf 62' lang='lat' dir='ltr'>Sancta</span> <span class='ocrx_word' id='word_1_80' title='bbox 572 1134 582 1144; x_wconf 92' lang='lat'><strong>.</strong></span> 
     </span>
    </p>

    <p class='ocr_par' dir='ltr' id='par_1_3' title="bbox 144 1165 653 1228">
     <span class='ocr_line' id='line_1_14' title="bbox 144 1165 653 1228; baseline 0.004 -16"><span class='ocrx_word' id='word_1_81' title='bbox 144 1182 190 1228; x_wconf 88' lang='lat'>5.</span> <span class='ocrx_word' id='word_1_82' title='bbox 231 1169 392 1214; x_wconf 84' lang='lat' dir='ltr'>Naves</span> <span class='ocrx_word' id='word_1_83' title='bbox 410 1165 624 1217; x_wconf 74' lang='lat' dir='ltr'>Ecclefiae</span> <span class='ocrx_word' id='word_1_84' title='bbox 642 1204 653 1214; x_wconf 88' lang='lat'><strong><em>.</em></strong></span> 
     </span>
    </p>

    <p class='ocr_par' dir='ltr' id='par_1_4' title="bbox 67 1234 1057 1427">
     <span class='ocr_line' id='line_1_15' title="bbox 137 1234 1057 1304; baseline 0.005 -23"><span class='ocrx_word' id='word_1_85' title='bbox 137 1246 187 1286; x_wconf 85' lang='lat'>6.</span> <span class='ocrx_word' id='word_1_86' title='bbox 229 1234 332 1289; x_wconf 89' lang='lat' dir='ltr'>Ubi</span> <span class='ocrx_word' id='word_1_87' title='bbox 350 1237 605 1304; x_wconf 73' lang='lat' dir='ltr'>antiquitus</span> <span class='ocrx_word' id='word_1_88' title='bbox 624 1252 724 1287; x_wconf 88' lang='lat' dir='ltr'>erat</span> <span class='ocrx_word' id='word_1_89' title='bbox 752 1240 937 1289; x_wconf 85' lang='lat' dir='ltr'>Chorus</span> <span class='ocrx_word' id='word_1_90' title='bbox 967 1242 1057 1289; x_wconf 90' lang='lat' dir='ltr'>Ca-</span> 
     </span>
     <span class='ocr_line' id='line_1_16' title="bbox 68 1308 1055 1378; baseline 0.001 -23"><span class='ocrx_word' id='word_1_91' title='bbox 68 1308 351 1356; x_wconf 81' lang='lat' dir='ltr'>nonicorum</span> <span class='ocrx_word' id='word_1_92' title='bbox 366 1344 383 1367; x_wconf 91' lang='lat'>,</span> <span class='ocrx_word' id='word_1_93' title='bbox 418 1326 541 1358; x_wconf 90' lang='lat' dir='ltr'>nunc</span> <span class='ocrx_word' id='word_1_94' title='bbox 559 1308 858 1378; x_wconf 78' lang='lat' dir='ltr'>sepulchrum</span> <span class='ocrx_word' id='word_1_95' title='bbox 881 1311 1055 1358; x_wconf 84' lang='lat' dir='ltr'>Marti-</span> 
     </span>
     <span class='ocr_line' id='line_1_17' title="bbox 67 1379 207 1427; baseline -0.021 -1"><span class='ocrx_word' id='word_1_96' title='bbox 67 1379 115 1426; x_wconf 90' lang='lat' dir='ltr'>ni</span> <span class='ocrx_word' id='word_1_97' title='bbox 142 1381 207 1427; x_wconf 87' lang='lat' dir='ltr'>V.</span> 
     </span>
    </p>

    <p class='ocr_par' dir='ltr' id='par_1_5' title="bbox 138 1447 1053 1519">
     <span class='ocr_line' id='line_1_18' title="bbox 138 1447 1053 1519; baseline 0.007 -26"><span class='ocrx_word' id='word_1_98' title='bbox 138 1464 183 1506; x_wconf 90' lang='lat'>7.</span> <span class='ocrx_word' id='word_1_99' title='bbox 223 1449 347 1496; x_wconf 86' lang='lat' dir='ltr'>Situs</span> <span class='ocrx_word' id='word_1_100' title='bbox 364 1447 446 1497; x_wconf 90' lang='lat' dir='ltr'>ubi</span> <span class='ocrx_word' id='word_1_101' title='bbox 465 1461 597 1497; x_wconf 86' lang='lat' dir='ltr'>erant</span> <span class='ocrx_word' id='word_1_102' title='bbox 613 1449 833 1501; x_wconf 84' lang='lat' dir='ltr'>ambones</span> <span class='ocrx_word' id='word_1_103' title='bbox 852 1451 911 1500; x_wconf 89' lang='lat' dir='ltr'>ad</span> <span class='ocrx_word' id='word_1_104' title='bbox 945 1453 1053 1519; x_wconf 89' lang='lat' dir='ltr'>Epi-</span> 
     </span>
    </p>
   </div>
   <div class='ocr_carea' id='block_1_2' title="bbox 12 1515 1052 3346">
    <p class='ocr_par' dir='ltr' id='par_1_6' title="bbox 62 1515 979 1590">
     <span class='ocr_line' id='line_1_19' title="bbox 62 1515 979 1590; baseline 0.001 -23"><span class='ocrx_word' id='word_1_105' title='bbox 62 1515 230 1567; x_wconf 87' lang='lat' dir='ltr'>stolam</span> <span class='ocrx_word' id='word_1_106' title='bbox 249 1516 502 1587; x_wconf 84' lang='lat' dir='ltr'>legendam</span> <span class='ocrx_word' id='word_1_107' title='bbox 519 1556 534 1577; x_wconf 94' lang='lat'>,</span> <span class='ocrx_word' id='word_1_108' title='bbox 561 1521 610 1570; x_wconf 69' lang='grc' dir='ltr'>δι’</span> <span class='ocrx_word' id='word_1_109' title='bbox 636 1522 979 1590; x_wconf 84' lang='lat' dir='ltr'>Evangelium.</span> 
     </span>
    </p>

    <p class='ocr_par' dir='ltr' id='par_1_7' title="bbox 63 1591 1052 1703">
     <span class='ocr_line' id='line_1_20' title="bbox 134 1591 1052 1661; baseline 0.004 -24"><span class='ocrx_word' id='word_1_110' title='bbox 134 1592 181 1637; x_wconf 87' lang='lat'>8.</span> <span class='ocrx_word' id='word_1_111' title='bbox 222 1591 392 1638; x_wconf 85' lang='lat' dir='ltr'>Altare</span> <span class='ocrx_word' id='word_1_112' title='bbox 411 1592 487 1637; x_wconf 85' lang='lat' dir='ltr'>SS.</span> <span class='ocrx_word' id='word_1_113' title='bbox 509 1591 838 1661; x_wconf 78' lang='lat' dir='ltr'>Qiadraginta</span> <span class='ocrx_word' id='word_1_114' title='bbox 857 1597 1052 1661; x_wconf 83' lang='lat' dir='ltr'>Marty-</span> 
     </span>
     <span class='ocr_line' id='line_1_21' title="bbox 63 1672 204 1703; baseline 0.007 -1"><span class='ocrx_word' id='word_1_115' title='bbox 63 1672 170 1702; x_wconf 85' lang='lat' dir='ltr'>rum</span> <span class='ocrx_word' id='word_1_116' title='bbox 193 1693 204 1703; x_wconf 92' lang='lat'><strong>.</strong></span> 
     </span>
    </p>

    <p class='ocr_par' dir='ltr' id='par_1_8' title="bbox 61 1728 1049 1863">
     <span class='ocr_line' id='line_1_22' title="bbox 130 1728 1049 1789; baseline 0.011 -17"><span class='ocrx_word' id='word_1_117' title='bbox 130 1746 180 1785; x_wconf 89' lang='lat'>9.</span> <span class='ocrx_word' id='word_1_118' title='bbox 220 1728 389 1779; x_wconf 88' lang='lat' dir='ltr'>Altare</span> <span class='ocrx_word' id='word_1_119' title='bbox 408 1731 450 1777; x_wconf 83' lang='lat' dir='ltr'>S.</span> <span class='ocrx_word' id='word_1_120' title='bbox 469 1732 721 1789; x_wconf 84' lang='lat' dir='ltr'>Antonini,</span> <span class='ocrx_word' id='word_1_121' title='bbox 741 1730 820 1782; x_wconf 89' lang='lat' dir='ltr'>seu</span> <span class='ocrx_word' id='word_1_122' title='bbox 841 1735 1049 1783; x_wconf 86' lang='lat' dir='ltr'>Salonici</span> 
     </span>
     <span class='ocr_line' id='line_1_23' title="bbox 61 1798 331 1863; baseline 0.007 -20"><span class='ocrx_word' id='word_1_123' title='bbox 61 1798 303 1863; x_wconf 86' lang='lat' dir='ltr'>Martyris</span> <span class='ocrx_word' id='word_1_124' title='bbox 321 1835 331 1845; x_wconf 89' lang='lat'>.</span> 
     </span>
    </p>

    <p class='ocr_par' dir='ltr' id='par_1_9' title="bbox 58 1869 1046 2008">
     <span class='ocr_line' id='line_1_24' title="bbox 137 1869 1046 1938; baseline 0.007 -24"><span class='ocrx_word' id='word_1_125' title='bbox 137 1885 211 1914; x_wconf 83' lang='lat'>10.</span> <span class='ocrx_word' id='word_1_126' title='bbox 251 1869 419 1917; x_wconf 85' lang='lat' dir='ltr'>Altare</span> <span class='ocrx_word' id='word_1_127' title='bbox 439 1870 490 1916; x_wconf 91' lang='lat' dir='ltr'>B.</span> <span class='ocrx_word' id='word_1_128' title='bbox 510 1871 675 1919; x_wconf 79' lang='lat' dir='ltr'>Mariae</span> <span class='ocrx_word' id='word_1_129' title='bbox 694 1873 895 1938; x_wconf 87' lang='lat' dir='ltr'>requiei,</span> <span class='ocrx_word' id='word_1_130' title='bbox 914 1874 1046 1921; x_wconf 88' lang='lat' dir='ltr'>Itali-</span> 
     </span>
     <span class='ocr_line' id='line_1_25' title="bbox 58 1936 379 2008; baseline 0.003 -25"><span class='ocrx_word' id='word_1_131' title='bbox 58 1936 107 1984; x_wconf 61' lang='lat' dir='ltr'>c&amp;</span> <span class='ocrx_word' id='word_1_132' title='bbox 124 1936 202 1985; x_wconf 83' lang='lat' dir='ltr'>del</span> <span class='ocrx_word' id='word_1_133' title='bbox 215 1939 350 2008; x_wconf 75' lang='lat' dir='ltr'>riposb</span> <span class='ocrx_word' id='word_1_134' title='bbox 369 1974 379 1984; x_wconf 86' lang='lat'><strong>.</strong></span> 
     </span>
    </p>

    <p class='ocr_par' dir='ltr' id='par_1_10' title="bbox 12 2006 1046 2128">
     <span class='ocr_line' id='line_1_26' title="bbox 132 2006 1046 2079; baseline 0.007 -24"><span class='ocrx_word' id='word_1_135' title='bbox 132 2025 151 2055; x_wconf 90' lang='lat'>1</span> <span class='ocrx_word' id='word_1_136' title='bbox 171 2026 207 2054; x_wconf 91' lang='lat'>1.</span> <span class='ocrx_word' id='word_1_137' title='bbox 237 2011 393 2077; x_wconf 63' lang='lat' dir='ltr'>janua</span> <span class='ocrx_word' id='word_1_138' title='bbox 413 2010 463 2059; x_wconf 67' lang='grc' dir='ltr'>ὃς</span> <span class='ocrx_word' id='word_1_139' title='bbox 478 2006 613 2067; x_wconf 86' lang='lat' dir='ltr'>scala,</span> <span class='ocrx_word' id='word_1_140' title='bbox 632 2010 723 2077; x_wconf 66' lang='lat' dir='ltr'>quii</span> <span class='ocrx_word' id='word_1_141' title='bbox 741 2009 935 2079; x_wconf 86' lang='lat' dir='ltr'>patebat</span> <span class='ocrx_word' id='word_1_142' title='bbox 951 2012 1046 2060; x_wconf 79' lang='lat' dir='ltr'>adi-</span> 
     </span>
     <span class='ocr_line' id='line_1_27' title="bbox 12 2076 659 2128; baseline 0.008 -5"><span class='ocrx_word' id='word_1_143' title='bbox 12 2085 15 2088; x_wconf 83' lang='grc'><strong><em>’</em></strong></span> <span class='ocrx_word' id='word_1_144' title='bbox 55 2088 131 2125; x_wconf 87' lang='lat' dir='ltr'>tus</span> <span class='ocrx_word' id='word_1_145' title='bbox 149 2076 207 2126; x_wconf 85' lang='lat' dir='ltr'>ad</span> <span class='ocrx_word' id='word_1_146' title='bbox 239 2080 396 2127; x_wconf 89' lang='lat' dir='ltr'>aulam</span> <span class='ocrx_word' id='word_1_147' title='bbox 416 2081 626 2128; x_wconf 87' lang='lat' dir='ltr'>Concilii</span> <span class='ocrx_word' id='word_1_148' title='bbox 648 2117 659 2128; x_wconf 84' lang='grc'><strong>.</strong></span> 
     </span>
    </p>

    <p class='ocr_par' dir='ltr' id='par_1_11' title="bbox 56 2149 1041 2269">
     <span class='ocr_line' id='line_1_28' title="bbox 131 2149 1041 2218; baseline 0.007 -23"><span class='ocrx_word' id='word_1_149' title='bbox 131 2165 149 2195; x_wconf 91' lang='lat'>1</span> <span class='ocrx_word' id='word_1_150' title='bbox 164 2165 205 2195; x_wconf 89' lang='lat'>2.</span> <span class='ocrx_word' id='word_1_151' title='bbox 235 2152 409 2218; x_wconf 72' lang='lat' dir='ltr'>janua,</span> <span class='ocrx_word' id='word_1_152' title='bbox 427 2166 526 2216; x_wconf 83' lang='lat' dir='ltr'>quae</span> <span class='ocrx_word' id='word_1_153' title='bbox 546 2151 593 2198; x_wconf 90' lang='lat' dir='ltr'>in</span> <span class='ocrx_word' id='word_1_154' title='bbox 612 2149 891 2200; x_wconf 86' lang='lat' dir='ltr'>Monasterii</span> <span class='ocrx_word' id='word_1_155' title='bbox 910 2152 1041 2201; x_wconf 85' lang='lat' dir='ltr'>clau-</span> 
     </span>
     <span class='ocr_line' id='line_1_29' title="bbox 56 2213 412 2269; baseline 0.008 -5"><span class='ocrx_word' id='word_1_156' title='bbox 56 2213 205 2266; x_wconf 83' lang='lat' dir='ltr'>strum</span> <span class='ocrx_word' id='word_1_157' title='bbox 231 2220 412 2269; x_wconf 88' lang='lat' dir='ltr'>tendit.</span> 
     </span>
    </p>

    <p class='ocr_par' dir='ltr' id='par_1_12' title="bbox 131 2291 1039 2359">
     <span class='ocr_line' id='line_1_30' title="bbox 131 2291 1039 2359; baseline 0.006 -23"><span class='ocrx_word' id='word_1_158' title='bbox 131 2302 206 2345; x_wconf 81' lang='lat'>13.</span> <span class='ocrx_word' id='word_1_159' title='bbox 242 2291 1039 2359; x_wconf 81' lang='lat' dir='ltr'>AltareSS.Chrysanthi,&amp;Dariae.</span> 
     </span>
    </p>

    <p class='ocr_par' dir='ltr' id='par_1_13' title="bbox 132 2362 1004 2432">
     <span class='ocr_line' id='line_1_31' title="bbox 132 2362 1004 2432; baseline 0.009 -29"><span class='ocrx_word' id='word_1_160' title='bbox 132 2374 207 2419; x_wconf 80' lang='lat'>14.</span> <span class='ocrx_word' id='word_1_161' title='bbox 241 2362 409 2411; x_wconf 83' lang='lat' dir='ltr'>Altare</span> <span class='ocrx_word' id='word_1_162' title='bbox 429 2364 473 2409; x_wconf 84' lang='lat' dir='ltr'>S.</span> <span class='ocrx_word' id='word_1_163' title='bbox 495 2365 661 2412; x_wconf 83' lang='lat' dir='ltr'>Mariae</span> <span class='ocrx_word' id='word_1_164' title='bbox 681 2366 978 2432; x_wconf 83' lang='lat' dir='ltr'>Magdalenae</span> <span class='ocrx_word' id='word_1_165' title='bbox 994 2400 1004 2411; x_wconf 92' lang='lat'><strong>.</strong></span> 
     </span>
    </p>

    <p class='ocr_par' dir='ltr' id='par_1_14' title="bbox 133 2428 993 2498">
     <span class='ocr_line' id='line_1_32' title="bbox 133 2428 993 2498; baseline 0.005 -21"><span class='ocrx_word' id='word_1_166' title='bbox 133 2445 150 2474; x_wconf 86' lang='lat'>1</span> <span class='ocrx_word' id='word_1_167' title='bbox 165 2443 208 2486; x_wconf 86' lang='lat'>5·</span> <span class='ocrx_word' id='word_1_168' title='bbox 248 2428 488 2480; x_wconf 83' lang='lat' dir='ltr'>Confeffio</span> <span class='ocrx_word' id='word_1_169' title='bbox 508 2430 590 2480; x_wconf 92' lang='lat' dir='ltr'>sub</span> <span class='ocrx_word' id='word_1_170' title='bbox 609 2438 780 2498; x_wconf 88' lang='lat' dir='ltr'>majori</span> <span class='ocrx_word' id='word_1_171' title='bbox 805 2435 960 2482; x_wconf 80' lang='lat' dir='ltr'>Altari</span> <span class='ocrx_word' id='word_1_172' title='bbox 982 2470 993 2481; x_wconf 89' lang='lat'><strong>.</strong></span> 
     </span>
    </p>

    <p class='ocr_par' dir='ltr' id='par_1_15' title="bbox 43 2501 1041 3346">
     <span class='ocr_line' id='line_1_33' title="bbox 131 2501 1041 2573; baseline 0.011 -29"><span class='ocrx_word' id='word_1_173' title='bbox 131 2506 207 2546; x_wconf 80' lang='lat'>16.</span> <span class='ocrx_word' id='word_1_174' title='bbox 248 2501 346 2547; x_wconf 88' lang='lat' dir='ltr'>Ara</span> <span class='ocrx_word' id='word_1_175' title='bbox 363 2503 603 2561; x_wconf 85' lang='lat' dir='ltr'>maxima,</span> <span class='ocrx_word' id='word_1_176' title='bbox 639 2523 739 2572; x_wconf 83' lang='lat' dir='ltr'>quae</span> <span class='ocrx_word' id='word_1_177' title='bbox 757 2506 972 2573; x_wconf 88' lang='lat' dir='ltr'>ligneum</span> <span class='ocrx_word' id='word_1_178' title='bbox 991 2506 1041 2554; x_wconf 89' lang='lat' dir='ltr'>il-</span> 
     </span>
     <span class='ocr_line' id='line_1_34' title="bbox 52 2565 1039 2639; baseline 0.013 -28"><span class='ocrx_word' id='word_1_179' title='bbox 52 2565 135 2614; x_wconf 84' lang='lat' dir='ltr'>lud</span> <span class='ocrx_word' id='word_1_180' title='bbox 168 2568 339 2633; x_wconf 81' lang='lat' dir='ltr'>Altare</span> <span class='ocrx_word' id='word_1_181' title='bbox 381 2571 448 2620; x_wconf 84' lang='lat' dir='ltr'>est</span> <span class='ocrx_word' id='word_1_182' title='bbox 471 2608 487 2630; x_wconf 88' lang='lat'>,</span> <span class='ocrx_word' id='word_1_183' title='bbox 522 2590 615 2639; x_wconf 86' lang='lat' dir='ltr'>quo</span> <span class='ocrx_word' id='word_1_184' title='bbox 651 2575 841 2623; x_wconf 59' lang='lat' dir='ltr'>Sanctus</span> <span class='ocrx_word' id='word_1_185' title='bbox 877 2576 1039 2625; x_wconf 90' lang='lat' dir='ltr'>Petrus</span> 
     </span>
     <span class='ocr_line' id='line_1_35' title="bbox 49 2635 1038 2712; baseline 0.013 -28"><span class='ocrx_word' id='word_1_186' title='bbox 49 2635 274 2705; x_wconf 83' lang='lat' dir='ltr'>Princeps</span> <span class='ocrx_word' id='word_1_187' title='bbox 308 2638 845 2712; x_wconf 89' lang='lat' dir='ltr'>Apostolorum,aliique</span> <span class='ocrx_word' id='word_1_188' title='bbox 865 2645 1038 2697; x_wconf 87' lang='lat' dir='ltr'>deinde</span> 
     </span>
     <span class='ocr_line' id='line_1_36' title="bbox 51 2708 1037 2785; baseline 0.013 -33"><span class='ocrx_word' id='word_1_189' title='bbox 51 2708 565 2768; x_wconf 78' lang='lat' dir='ltr'>SummiPontificeS,&amp;</span> <span class='ocrx_word' id='word_1_190' title='bbox 579 2717 823 2785; x_wconf 80' lang='lat' dir='ltr'>Martyres</span> <span class='ocrx_word' id='word_1_191' title='bbox 836 2713 902 2764; x_wconf 88' lang='lat' dir='ltr'>ufi</span> <span class='ocrx_word' id='word_1_192' title='bbox 914 2714 1037 2776; x_wconf 86' lang='lat' dir='ltr'>sunt,</span> 
     </span>
     <span class='ocr_line' id='line_1_37' title="bbox 49 2777 1038 2847; baseline 0.01 -21"><span class='ocrx_word' id='word_1_193' title='bbox 49 2777 100 2826; x_wconf 82' lang='lat'>&amp;</span> <span class='ocrx_word' id='word_1_194' title='bbox 124 2777 251 2844; x_wconf 89' lang='lat' dir='ltr'>quod</span> <span class='ocrx_word' id='word_1_195' title='bbox 279 2782 323 2827; x_wconf 79' lang='lat' dir='ltr'>S.</span> <span class='ocrx_word' id='word_1_196' title='bbox 345 2781 590 2847; x_wconf 87' lang='lat' dir='ltr'>Sylvester</span> <span class='ocrx_word' id='word_1_197' title='bbox 622 2785 697 2834; x_wconf 85' lang='lat' dir='ltr'>hic</span> <span class='ocrx_word' id='word_1_198' title='bbox 714 2823 730 2844; x_wconf 89' lang='lat'>,</span> <span class='ocrx_word' id='word_1_199' title='bbox 765 2788 812 2834; x_wconf 92' lang='lat' dir='ltr'>in</span> <span class='ocrx_word' id='word_1_200' title='bbox 833 2783 1038 2836; x_wconf 82' lang='lat' dir='ltr'>Bafilicae</span> 
     </span>
     <span class='ocr_line' id='line_1_38' title="bbox 47 2848 1036 2907; baseline 0.014 -14"><span class='ocrx_word' id='word_1_201' title='bbox 47 2848 401 2900; x_wconf 74' lang='lat' dir='ltr'>consecratione</span> <span class='ocrx_word' id='word_1_202' title='bbox 428 2853 686 2902; x_wconf 89' lang='lat' dir='ltr'>collocavit</span> <span class='ocrx_word' id='word_1_203' title='bbox 704 2892 714 2903; x_wconf 88' lang='lat'><em>.</em></span> <span class='ocrx_word' id='word_1_204' title='bbox 754 2859 809 2903; x_wconf 87' lang='lat' dir='ltr'>In</span> <span class='ocrx_word' id='word_1_205' title='bbox 839 2876 894 2906; x_wconf 91' lang='lat' dir='ltr'>eo</span> <span class='ocrx_word' id='word_1_206' title='bbox 914 2854 1036 2907; x_wconf 88' lang='lat' dir='ltr'>solus</span> 
     </span>
     <span class='ocr_line' id='line_1_39' title="bbox 47 2918 1034 2995; baseline 0.01 -30"><span class='ocrx_word' id='word_1_207' title='bbox 47 2918 295 2969; x_wconf 84' lang='lat' dir='ltr'>Romanus</span> <span class='ocrx_word' id='word_1_208' title='bbox 311 2919 530 2971; x_wconf 88' lang='lat' dir='ltr'>Pontifex</span> <span class='ocrx_word' id='word_1_209' title='bbox 551 2921 675 2973; x_wconf 89' lang='lat' dir='ltr'>sacra</span> <span class='ocrx_word' id='word_1_210' title='bbox 694 2924 901 2974; x_wconf 80' lang='lat' dir='ltr'>celebrat</span> <span class='ocrx_word' id='word_1_211' title='bbox 919 2945 1034 2995; x_wconf 86' lang='lat' dir='ltr'>my·</span> 
     </span>
     <span class='ocr_line' id='line_1_40' title="bbox 49 2983 1034 3064; baseline 0.013 -32"><span class='ocrx_word' id='word_1_212' title='bbox 49 2983 204 3046; x_wconf 86' lang='lat' dir='ltr'>steria,</span> <span class='ocrx_word' id='word_1_213' title='bbox 221 2991 271 3039; x_wconf 65' lang='grc' dir='ltr'>ὃς</span> <span class='ocrx_word' id='word_1_214' title='bbox 289 2990 474 3041; x_wconf 62' lang='lat' dir='ltr'>tantum</span> <span class='ocrx_word' id='word_1_215' title='bbox 501 2994 772 3061; x_wconf 83' lang='lat' dir='ltr'>permiffum</span> <span class='ocrx_word' id='word_1_216' title='bbox 808 3011 907 3043; x_wconf 88' lang='lat' dir='ltr'>erat</span> <span class='ocrx_word' id='word_1_217' title='bbox 925 2999 1034 3064; x_wconf 90' lang='lat' dir='ltr'>Epi-</span> 
     </span>
     <span class='ocr_line' id='line_1_41' title="bbox 44 3052 1033 3127; baseline 0.013 -24"><span class='ocrx_word' id='word_1_218' title='bbox 44 3052 197 3124; x_wconf 80' lang='lat' dir='ltr'>scopis</span> <span class='ocrx_word' id='word_1_219' title='bbox 214 3078 294 3127; x_wconf 91' lang='lat' dir='ltr'>per</span> <span class='ocrx_word' id='word_1_220' title='bbox 314 3061 663 3113; x_wconf 82' lang='lat' dir='ltr'>hebdomadam</span> <span class='ocrx_word' id='word_1_221' title='bbox 688 3064 1033 3116; x_wconf 83' lang='lat' dir='ltr'>celebrantibus</span> 
     </span>
     <span class='ocr_line' id='line_1_42' title="bbox 45 3122 1030 3203; baseline 0.012 -29"><span class='ocrx_word' id='word_1_222' title='bbox 45 3122 172 3200; x_wconf 79' lang='lat' dir='ltr'>sacra</span> <span class='ocrx_word' id='word_1_223' title='bbox 202 3147 439 3202; x_wconf 83' lang='lat' dir='ltr'>peragere.</span> <span class='ocrx_word' id='word_1_224' title='bbox 468 3134 803 3185; x_wconf 80' lang='lat' dir='ltr'>Admiratione</span> <span class='ocrx_word' id='word_1_225' title='bbox 831 3135 1030 3203; x_wconf 84' lang='lat' dir='ltr'>dignum</span> 
     </span>
     <span class='ocr_line' id='line_1_43' title="bbox 44 3196 1031 3266; baseline 0.01 -21"><span class='ocrx_word' id='word_1_226' title='bbox 44 3196 375 3262; x_wconf 73' lang='lat' dir='ltr'>vldetur3cum</span> <span class='ocrx_word' id='word_1_227' title='bbox 391 3216 464 3252; x_wconf 84' lang='lat' dir='ltr'>tot</span> <span class='ocrx_word' id='word_1_228' title='bbox 483 3208 624 3255; x_wconf 87' lang='lat' dir='ltr'>ruinis</span> <span class='ocrx_word' id='word_1_229' title='bbox 637 3206 843 3256; x_wconf 81' lang='lat' dir='ltr'>obnoxia</span> <span class='ocrx_word' id='word_1_230' title='bbox 856 3203 1001 3254; x_wconf 85' lang='lat' dir='ltr'>fuerit</span> <span class='ocrx_word' id='word_1_231' title='bbox 1015 3243 1031 3266; x_wconf 91' lang='lat'>,</span> 
     </span>
     <span class='ocr_line' id='line_1_44' title="bbox 43 3265 1025 3346; baseline 0.011 -32"><span class='ocrx_word' id='word_1_232' title='bbox 43 3265 92 3314; x_wconf 85' lang='lat'>&amp;</span> <span class='ocrx_word' id='word_1_233' title='bbox 107 3279 179 3316; x_wconf 91' lang='lat' dir='ltr'>tot</span> <span class='ocrx_word' id='word_1_234' title='bbox 196 3270 422 3323; x_wconf 88' lang='lat' dir='ltr'>incendiis</span> <span class='ocrx_word' id='word_1_235' title='bbox 439 3276 807 3346; x_wconf 86' lang='lat' dir='ltr'>conflagraverit</span> <span class='ocrx_word' id='word_1_236' title='bbox 830 3277 924 3327; x_wconf 84' lang='lat' dir='ltr'>haec</span> <span class='ocrx_word' id='word_1_237' title='bbox 942 3278 1025 3325; x_wconf 87' lang='lat' dir='ltr'>La-</span> 
     </span>
    </p>
   </div>
   <div class='ocr_carea' id='block_1_3' title="bbox 1080 249 1246 302">
    <p class='ocr_par' dir='ltr' id='par_1_16' title="bbox 1080 249 1246 302">
     <span class='ocr_line' id='line_1_45' title="bbox 1080 249 1246 302; baseline -0.012 0"><span class='ocrx_word' id='word_1_238' title='bbox 1080 249 1246 302; x_wconf 75' lang='lat' dir='ltr'>UT</span> 
     </span>
    </p>
   </div>
   <div class='ocr_carea' id='block_1_4' title="bbox 1095 248 2111 2077">
    <p class='ocr_par' dir='ltr' id='par_1_17' title="bbox 1120 248 2111 812">
     <span class='ocr_line' id='line_1_46' title="bbox 1349 248 2071 303; baseline 0.006 -4"><span class='ocrx_word' id='word_1_239' title='bbox 1349 249 1378 299; x_wconf 92' lang='lat' dir='ltr'><strong><em>I</em></strong></span> <span class='ocrx_word' id='word_1_240' title='bbox 1407 248 1443 298; x_wconf 87' lang='lat' dir='ltr'>I.</span> <span class='ocrx_word' id='word_1_241' title='bbox 2052 273 2071 303; x_wconf 89' lang='lat'>1</span> 
     </span>
     <span class='ocr_line' id='line_1_47' title="bbox 1120 274 2111 387; baseline -0.001 -19"><span class='ocrx_word' id='word_1_242' title='bbox 1120 317 1372 370; x_wconf 83' lang='lat' dir='ltr'>teranenfis</span> <span class='ocrx_word' id='word_1_243' title='bbox 1384 314 1604 376; x_wconf 75' lang='lat' dir='ltr'>Ecclesia,</span> <span class='ocrx_word' id='word_1_244' title='bbox 1620 316 1802 387; x_wconf 84' lang='lat' dir='ltr'>semper</span> <span class='ocrx_word' id='word_1_245' title='bbox 1822 329 1981 370; x_wconf 81' lang='lat' dir='ltr'>tamen</span> <span class='ocrx_word' id='word_1_246' title='bbox 2002 274 2111 372; x_wconf 56' lang='lat' dir='ltr'>illag</span> 
     </span>
     <span class='ocr_line' id='line_1_48' title="bbox 1121 390 2107 459; baseline 0.003 -21"><span class='ocrx_word' id='word_1_247' title='bbox 1121 390 1241 448; x_wconf 89' lang='lat' dir='ltr'>sum,</span> <span class='ocrx_word' id='word_1_248' title='bbox 1257 392 1588 458; x_wconf 87' lang='lat' dir='ltr'>integrumque</span> <span class='ocrx_word' id='word_1_249' title='bbox 1607 390 1693 438; x_wconf 90' lang='lat' dir='ltr'>hoc</span> <span class='ocrx_word' id='word_1_250' title='bbox 1709 391 1875 438; x_wconf 83' lang='lat' dir='ltr'>Altare</span> <span class='ocrx_word' id='word_1_251' title='bbox 1889 409 2107 459; x_wconf 86' lang='lat' dir='ltr'>perman-</span> 
     </span>
     <span class='ocr_line' id='line_1_49' title="bbox 1123 457 2105 532; baseline 0.002 -22"><span class='ocrx_word' id='word_1_252' title='bbox 1123 457 1251 521; x_wconf 78' lang='lat' dir='ltr'>fiffe3</span> <span class='ocrx_word' id='word_1_253' title='bbox 1289 461 1502 527; x_wconf 84' lang='lat' dir='ltr'>illudque</span> <span class='ocrx_word' id='word_1_254' title='bbox 1524 459 1633 508; x_wconf 68' lang='lat' dir='ltr'>cum</span> <span class='ocrx_word' id='word_1_255' title='bbox 1664 479 1722 509; x_wconf 81' lang='lat' dir='ltr'>ex</span> <span class='ocrx_word' id='word_1_256' title='bbox 1741 460 1952 512; x_wconf 79' lang='lat' dir='ltr'>abietino</span> <span class='ocrx_word' id='word_1_257' title='bbox 1975 464 2105 532; x_wconf 84' lang='lat' dir='ltr'>ligno</span> 
     </span>
     <span class='ocr_line' id='line_1_50' title="bbox 1121 527 2108 599; baseline 0.006 -19"><span class='ocrx_word' id='word_1_258' title='bbox 1121 532 1422 599; x_wconf 59' lang='lat' dir='ltr'>compaCium</span> <span class='ocrx_word' id='word_1_259' title='bbox 1441 527 1643 597; x_wconf 80' lang='lat' dir='ltr'>fit,qu0d</span> <span class='ocrx_word' id='word_1_260' title='bbox 1673 531 1874 583; x_wconf 84' lang='lat' dir='ltr'>teredini</span> <span class='ocrx_word' id='word_1_261' title='bbox 1906 534 2108 586; x_wconf 61' lang='lat' dir='ltr'>minim&amp;</span> 
     </span>
     <span class='ocr_line' id='line_1_51' title="bbox 1122 601 2106 673; baseline 0.004 -24"><span class='ocrx_word' id='word_1_262' title='bbox 1122 601 1362 665; x_wconf 84' lang='lat' dir='ltr'>subjacet,</span> <span class='ocrx_word' id='word_1_263' title='bbox 1379 601 1532 650; x_wconf 89' lang='lat' dir='ltr'>adhuc</span> <span class='ocrx_word' id='word_1_264' title='bbox 1555 604 1761 668; x_wconf 89' lang='lat' dir='ltr'>politum</span> <span class='ocrx_word' id='word_1_265' title='bbox 1783 603 2106 673; x_wconf 63' lang='lat' dir='ltr'>intacitumque</span> 
     </span>
     <span class='ocr_line' id='line_1_52' title="bbox 1123 671 2105 734; baseline 0.003 -13"><span class='ocrx_word' id='word_1_266' title='bbox 1123 675 1346 734; x_wconf 81' lang='lat' dir='ltr'>cernitur3</span> <span class='ocrx_word' id='word_1_267' title='bbox 1359 673 1484 721; x_wconf 87' lang='lat' dir='ltr'>unde</span> <span class='ocrx_word' id='word_1_268' title='bbox 1501 676 1644 721; x_wconf 89' lang='lat' dir='ltr'>Vates</span> <span class='ocrx_word' id='word_1_269' title='bbox 1659 673 1717 723; x_wconf 89' lang='lat' dir='ltr'>de</span> <span class='ocrx_word' id='word_1_270' title='bbox 1732 671 1888 722; x_wconf 89' lang='lat' dir='ltr'>abiete</span> <span class='ocrx_word' id='word_1_271' title='bbox 1904 678 2105 728; x_wconf 86' lang='lat' dir='ltr'>cecinit:</span> 
     </span>
     <span class='ocr_line' id='line_1_53' title="bbox 1121 742 2102 812; baseline 0.004 -17"><span class='ocrx_word' id='word_1_272' title='bbox 1121 746 1180 795; x_wconf 85' lang='lat' dir='ltr'>Et</span> <span class='ocrx_word' id='word_1_273' title='bbox 1196 748 1352 812; x_wconf 81' lang='lat' dir='ltr'>planta</span> <span class='ocrx_word' id='word_1_274' title='bbox 1368 745 1436 794; x_wconf 65' lang='grc' dir='ltr'>εέἷ</span> <span class='ocrx_word' id='word_1_275' title='bbox 1458 742 1574 793; x_wconf 80' lang='lat' dir='ltr'>abies</span> <span class='ocrx_word' id='word_1_276' title='bbox 1601 763 1682 793; x_wconf 83' lang='lat' dir='ltr'>non</span> <span class='ocrx_word' id='word_1_277' title='bbox 1703 746 1851 795; x_wconf 86' lang='lat' dir='ltr'>cedens</span> <span class='ocrx_word' id='word_1_278' title='bbox 1876 746 2102 799; x_wconf 79' lang='lat' dir='ltr'>‘vermibus</span> 
     </span>
    </p>

    <p class='ocr_par' dir='ltr' id='par_1_18' title="bbox 1117 833 1565 955">
     <span class='ocr_line' id='line_1_54' title="bbox 1263 833 1480 884; baseline -0.005 -20"><span class='ocrx_word' id='word_1_279' title='bbox 1263 833 1446 884; x_wconf 80' lang='lat' dir='ltr'>unquam</span> <span class='ocrx_word' id='word_1_280' title='bbox 1464 849 1480 872; x_wconf 90' lang='lat'>,</span> 
     </span>
     <span class='ocr_line' id='line_1_55' title="bbox 1117 883 1565 955; baseline 0 -22"><span class='ocrx_word' id='word_1_281' title='bbox 1117 883 1213 934; x_wconf 85' lang='lat' dir='ltr'>Nec</span> <span class='ocrx_word' id='word_1_282' title='bbox 1232 900 1379 951; x_wconf 83' lang='lat' dir='ltr'>putret</span> <span class='ocrx_word' id='word_1_283' title='bbox 1393 886 1536 955; x_wconf 62' lang='lat' dir='ltr'>facil?</span> <span class='ocrx_word' id='word_1_284' title='bbox 1555 922 1565 933; x_wconf 90' lang='lat'><strong>.</strong></span> 
     </span>
    </p>

    <p class='ocr_par' dir='ltr' id='par_1_19' title="bbox 1095 956 2099 2077">
     <span class='ocr_line' id='line_1_56' title="bbox 1187 956 2098 1024; baseline 0.002 -21"><span class='ocrx_word' id='word_1_285' title='bbox 1187 956 1269 1004; x_wconf 89' lang='lat' dir='ltr'>Ad</span> <span class='ocrx_word' id='word_1_286' title='bbox 1288 959 1480 1024; x_wconf 72' lang='lat' dir='ltr'>praei&#39;ens</span> <span class='ocrx_word' id='word_1_287' title='bbox 1509 974 1586 1004; x_wconf 85' lang='lat' dir='ltr'>ara</span> <span class='ocrx_word' id='word_1_288' title='bbox 1604 956 1697 1004; x_wconf 74' lang='lat' dir='ltr'>haec</span> <span class='ocrx_word' id='word_1_289' title='bbox 1727 956 1936 1004; x_wconf 85' lang='lat' dir='ltr'>maxima</span> <span class='ocrx_word' id='word_1_290' title='bbox 1972 973 2098 1005; x_wconf 86' lang='lat' dir='ltr'>mar-</span> 
     </span>
     <span class='ocr_line' id='line_1_57' title="bbox 1113 1025 2097 1096; baseline 0.001 -23"><span class='ocrx_word' id='word_1_291' title='bbox 1113 1029 1287 1075; x_wconf 87' lang='lat' dir='ltr'>moreis</span> <span class='ocrx_word' id='word_1_292' title='bbox 1311 1026 1448 1096; x_wconf 87' lang='lat' dir='ltr'>septis</span> <span class='ocrx_word' id='word_1_293' title='bbox 1466 1025 1754 1084; x_wconf 85' lang='lat' dir='ltr'>estinclusa,</span> <span class='ocrx_word' id='word_1_294' title='bbox 1791 1026 1960 1093; x_wconf 87' lang='lat' dir='ltr'>quibus</span> <span class='ocrx_word' id='word_1_295' title='bbox 1990 1025 2097 1075; x_wconf 83' lang='lat' dir='ltr'>infi-</span> 
     </span>
     <span class='ocr_line' id='line_1_58' title="bbox 1111 1096 2099 1165; baseline 0.005 -23"><span class='ocrx_word' id='word_1_296' title='bbox 1111 1098 1222 1163; x_wconf 84' lang='lat' dir='ltr'>gnia</span> <span class='ocrx_word' id='word_1_297' title='bbox 1243 1096 1429 1149; x_wconf 87' lang='lat' dir='ltr'>Urbani</span> <span class='ocrx_word' id='word_1_298' title='bbox 1448 1098 1577 1164; x_wconf 80' lang='lat' dir='ltr'>Papae</span> <span class='ocrx_word' id='word_1_299' title='bbox 1596 1102 1663 1154; x_wconf 38' lang='lat' dir='ltr'>V.,</span> <span class='ocrx_word' id='word_1_300' title='bbox 1694 1098 1771 1145; x_wconf 84' lang='lat' dir='ltr'>vel</span> <span class='ocrx_word' id='word_1_301' title='bbox 1801 1098 1921 1145; x_wconf 89' lang='lat' dir='ltr'>Petri</span> <span class='ocrx_word' id='word_1_302' title='bbox 1944 1100 2099 1165; x_wconf 85' lang='lat' dir='ltr'>Roge-</span> 
     </span>
     <span class='ocr_line' id='line_1_59' title="bbox 1113 1165 2096 1223; baseline 0.004 -11"><span class='ocrx_word' id='word_1_303' title='bbox 1113 1168 1172 1213; x_wconf 90' lang='lat' dir='ltr'>rii</span> <span class='ocrx_word' id='word_1_304' title='bbox 1188 1165 1468 1216; x_wconf 86' lang='lat' dir='ltr'>Monasterii</span> <span class='ocrx_word' id='word_1_305' title='bbox 1491 1167 1550 1215; x_wconf 87' lang='lat' dir='ltr'>de</span> <span class='ocrx_word' id='word_1_306' title='bbox 1570 1169 1856 1223; x_wconf 87' lang='lat' dir='ltr'>Malmonte,</span> <span class='ocrx_word' id='word_1_307' title='bbox 1880 1165 1974 1215; x_wconf 84' lang='lat' dir='ltr'>five</span> <span class='ocrx_word' id='word_1_308' title='bbox 1993 1169 2096 1217; x_wconf 86' lang='lat' dir='ltr'>Bel-</span> 
     </span>
     <span class='ocr_line' id='line_1_60' title="bbox 1109 1234 2096 1302; baseline 0.004 -20"><span class='ocrx_word' id='word_1_309' title='bbox 1109 1234 1250 1293; x_wconf 89' lang='lat' dir='ltr'>forte,</span> <span class='ocrx_word' id='word_1_310' title='bbox 1265 1237 1399 1300; x_wconf 88' lang='lat' dir='ltr'>hujus</span> <span class='ocrx_word' id='word_1_311' title='bbox 1416 1234 1629 1284; x_wconf 81' lang='lat' dir='ltr'>Eccleliae</span> <span class='ocrx_word' id='word_1_312' title='bbox 1651 1235 2096 1302; x_wconf 78' lang='lat' dir='ltr'>Archipresbyteri,</span> 
     </span>
     <span class='ocr_line' id='line_1_61' title="bbox 1106 1305 2095 1372; baseline 0.001 -16"><span class='ocrx_word' id='word_1_313' title='bbox 1106 1306 1156 1356; x_wconf 70' lang='grc' dir='ltr'>ἃ</span> <span class='ocrx_word' id='word_1_314' title='bbox 1177 1306 1460 1363; x_wconf 86' lang='lat' dir='ltr'>Cardinalis,</span> <span class='ocrx_word' id='word_1_315' title='bbox 1477 1308 1555 1372; x_wconf 85' lang='lat' dir='ltr'>qui</span> <span class='ocrx_word' id='word_1_316' title='bbox 1569 1305 1735 1354; x_wconf 88' lang='lat' dir='ltr'>floruit</span> <span class='ocrx_word' id='word_1_317' title='bbox 1746 1307 1868 1352; x_wconf 87' lang='lat' dir='ltr'>circa</span> <span class='ocrx_word' id='word_1_318' title='bbox 1882 1307 2095 1357; x_wconf 85' lang='lat' dir='ltr'>medium</span> 
     </span>
     <span class='ocr_line' id='line_1_62' title="bbox 1106 1375 2093 1444; baseline 0.001 -20"><span class='ocrx_word' id='word_1_319' title='bbox 1106 1375 1443 1442; x_wconf 86' lang='lat' dir='ltr'>decimiquarti</span> <span class='ocrx_word' id='word_1_320' title='bbox 1465 1375 1818 1434; x_wconf 81' lang='lat' dir='ltr'>saeculi,necnon</span> <span class='ocrx_word' id='word_1_321' title='bbox 1833 1377 2093 1444; x_wconf 82' lang='lat' dir='ltr'>RegisGal-</span> 
     </span>
     <span class='ocr_line' id='line_1_63' title="bbox 1104 1443 2096 1515; baseline -0.001 -20"><span class='ocrx_word' id='word_1_322' title='bbox 1104 1448 1260 1495; x_wconf 92' lang='lat' dir='ltr'>lorum</span> <span class='ocrx_word' id='word_1_323' title='bbox 1276 1445 1645 1515; x_wconf 88' lang='lat' dir='ltr'>conspiciuntur.</span> <span class='ocrx_word' id='word_1_324' title='bbox 1670 1451 1725 1495; x_wconf 89' lang='lat' dir='ltr'>In</span> <span class='ocrx_word' id='word_1_325' title='bbox 1741 1443 1923 1494; x_wconf 89' lang='lat' dir='ltr'>ciborio</span> <span class='ocrx_word' id='word_1_326' title='bbox 1942 1465 1999 1495; x_wconf 84' lang='lat' dir='ltr'>ex</span> <span class='ocrx_word' id='word_1_327' title='bbox 2016 1448 2096 1494; x_wconf 89' lang='lat' dir='ltr'>Pa-</span> 
     </span>
     <span class='ocr_line' id='line_1_64' title="bbox 1104 1517 2095 1583; baseline 0.001 -18"><span class='ocrx_word' id='word_1_328' title='bbox 1104 1519 1175 1566; x_wconf 91' lang='lat' dir='ltr'>rio</span> <span class='ocrx_word' id='word_1_329' title='bbox 1191 1535 1430 1567; x_wconf 88' lang='lat' dir='ltr'>marmore</span> <span class='ocrx_word' id='word_1_330' title='bbox 1448 1554 1464 1575; x_wconf 88' lang='lat'>,</span> <span class='ocrx_word' id='word_1_331' title='bbox 1481 1517 1611 1583; x_wconf 87' lang='lat' dir='ltr'>quod</span> <span class='ocrx_word' id='word_1_332' title='bbox 1633 1529 1838 1583; x_wconf 81' lang='lat' dir='ltr'>quatuor</span> <span class='ocrx_word' id='word_1_333' title='bbox 1855 1518 2095 1566; x_wconf 88' lang='lat' dir='ltr'>columnis</span> 
     </span>
     <span class='ocr_line' id='line_1_65' title="bbox 1103 1586 2092 1655; baseline -0.001 -18"><span class='ocrx_word' id='word_1_334' title='bbox 1103 1607 1160 1637; x_wconf 81' lang='lat' dir='ltr'>ex</span> <span class='ocrx_word' id='word_1_335' title='bbox 1180 1606 1420 1637; x_wconf 86' lang='lat' dir='ltr'>marmore</span> <span class='ocrx_word' id='word_1_336' title='bbox 1452 1589 1681 1655; x_wconf 82' lang='lat' dir='ltr'>AEgyptio</span> <span class='ocrx_word' id='word_1_337' title='bbox 1712 1604 1822 1635; x_wconf 91' lang='lat' dir='ltr'>cum</span> <span class='ocrx_word' id='word_1_338' title='bbox 1844 1586 2092 1654; x_wconf 87' lang='lat' dir='ltr'>Epistyliis</span> 
     </span>
     <span class='ocr_line' id='line_1_66' title="bbox 1105 1656 2094 1716; baseline -0.003 -9"><span class='ocrx_word' id='word_1_339' title='bbox 1105 1658 1338 1707; x_wconf 84' lang='lat' dir='ltr'>deauratis</span> <span class='ocrx_word' id='word_1_340' title='bbox 1355 1657 1778 1708; x_wconf 70' lang='lat' dir='ltr'>ordinisCorinthii</span> <span class='ocrx_word' id='word_1_341' title='bbox 1798 1656 2094 1716; x_wconf 72' lang='lat' dir='ltr'>sustentatur,</span> 
     </span>
     <span class='ocr_line' id='line_1_67' title="bbox 1103 1726 2090 1798; baseline 0 -22"><span class='ocrx_word' id='word_1_342' title='bbox 1103 1731 1258 1798; x_wconf 85' lang='lat' dir='ltr'>capita</span> <span class='ocrx_word' id='word_1_343' title='bbox 1284 1726 1629 1796; x_wconf 82' lang='lat' dir='ltr'>Apostolorum</span> <span class='ocrx_word' id='word_1_344' title='bbox 1664 1729 1788 1777; x_wconf 88' lang='lat' dir='ltr'>Petri</span> <span class='ocrx_word' id='word_1_345' title='bbox 1819 1763 1835 1786; x_wconf 90' lang='lat'>‚</span> <span class='ocrx_word' id='word_1_346' title='bbox 1881 1729 1930 1777; x_wconf 84' lang='lat'>&amp;</span> <span class='ocrx_word' id='word_1_347' title='bbox 1958 1730 2090 1776; x_wconf 85' lang='lat' dir='ltr'>Pauli</span> 
     </span>
     <span class='ocr_line' id='line_1_68' title="bbox 1103 1797 2092 1856; baseline 0.003 -11"><span class='ocrx_word' id='word_1_348' title='bbox 1103 1799 1307 1847; x_wconf 80' lang='lat' dir='ltr'>cratibus</span> <span class='ocrx_word' id='word_1_349' title='bbox 1326 1799 1487 1848; x_wconf 73' lang='lat' dir='ltr'>ferreis</span> <span class='ocrx_word' id='word_1_350' title='bbox 1504 1799 1763 1856; x_wconf 79' lang='lat' dir='ltr'>deauratis,</span> <span class='ocrx_word' id='word_1_351' title='bbox 1781 1797 2018 1856; x_wconf 61' lang='lat' dir='ltr'>maxima,</span> <span class='ocrx_word' id='word_1_352' title='bbox 2037 1813 2092 1848; x_wconf 88' lang='lat' dir='ltr'>ut</span> 
     </span>
     <span class='ocr_line' id='line_1_69' title="bbox 1106 1864 2087 1935; baseline 0.003 -21"><span class='ocrx_word' id='word_1_353' title='bbox 1106 1886 1186 1935; x_wconf 90' lang='lat' dir='ltr'>par</span> <span class='ocrx_word' id='word_1_354' title='bbox 1204 1869 1766 1935; x_wconf 68' lang='lat' dir='ltr'>eli,religi01ie,cultuque</span> <span class='ocrx_word' id='word_1_355' title='bbox 1782 1864 2087 1917; x_wconf 83' lang='lat' dir='ltr'>affervantur.</span> 
     </span>
     <span class='ocr_line' id='line_1_70' title="bbox 1099 1937 2089 2004; baseline 0.002 -18"><span class='ocrx_word' id='word_1_356' title='bbox 1099 1941 1174 1987; x_wconf 90' lang='lat' dir='ltr'>De</span> <span class='ocrx_word' id='word_1_357' title='bbox 1192 1938 1473 1987; x_wconf 89' lang='lat' dir='ltr'>eorumdem</span> <span class='ocrx_word' id='word_1_358' title='bbox 1487 1937 1832 2004; x_wconf 84' lang='lat' dir='ltr'>Apostolorum</span> <span class='ocrx_word' id='word_1_359' title='bbox 1851 1937 2089 2004; x_wconf 86' lang='lat' dir='ltr'>capitibus</span> 
     </span>
     <span class='ocr_line' id='line_1_71' title="bbox 1095 2006 2088 2077; baseline 0.001 -20"><span class='ocrx_word' id='word_1_360' title='bbox 1095 2007 1379 2077; x_wconf 88' lang='lat' dir='ltr'>opusculum</span> <span class='ocrx_word' id='word_1_361' title='bbox 1409 2006 1563 2057; x_wconf 87' lang='lat' dir='ltr'>edidit</span> <span class='ocrx_word' id='word_1_362' title='bbox 1592 2010 1757 2056; x_wconf 87' lang='lat' dir='ltr'>Romae</span> <span class='ocrx_word' id='word_1_363' title='bbox 1789 2024 1908 2055; x_wconf 87' lang='lat' dir='ltr'>anno</span> <span class='ocrx_word' id='word_1_364' title='bbox 1940 2013 2088 2067; x_wconf 83' lang='lat'>1683.</span> 
     </span>
    </p>
   </div>
   <div class='ocr_carea' id='block_1_5' title="bbox 1086 2076 1734 2148">
    <p class='ocr_par' dir='ltr' id='par_1_20' title="bbox 1086 2076 1734 2148">
     <span class='ocr_line' id='line_1_72' title="bbox 1086 2076 1734 2148; baseline -0.003 -21"><span class='ocrx_word' id='word_1_365' title='bbox 1086 2076 1266 2148; x_wconf 84' lang='lat' dir='ltr'>Joseph</span> <span class='ocrx_word' id='word_1_366' title='bbox 1287 2080 1443 2126; x_wconf 87' lang='lat' dir='ltr'>Maria</span> <span class='ocrx_word' id='word_1_367' title='bbox 1468 2076 1708 2127; x_wconf 83' lang='lat' dir='ltr'>Sorefinus</span> <span class='ocrx_word' id='word_1_368' title='bbox 1723 2113 1734 2124; x_wconf 89' lang='lat'><em>.</em></span> 
     </span>
    </p>
   </div>
   <div class='ocr_carea' id='block_1_6' title="bbox 1083 2148 2089 3390">
    <p class='ocr_par' dir='ltr' id='par_1_21' title="bbox 1090 2148 2089 2989">
     <span class='ocr_line' id='line_1_73' title="bbox 1174 2148 2084 2207; baseline -0.002 -10"><span class='ocrx_word' id='word_1_369' title='bbox 1174 2167 1248 2207; x_wconf 88' lang='lat'>17.</span> <span class='ocrx_word' id='word_1_370' title='bbox 1288 2151 1538 2197; x_wconf 83' lang='lat' dir='ltr'>Columnae</span> <span class='ocrx_word' id='word_1_371' title='bbox 1560 2166 1695 2198; x_wconf 78' lang='lat' dir='ltr'>aeneae</span> <span class='ocrx_word' id='word_1_372' title='bbox 1731 2148 1972 2197; x_wconf 83' lang='lat' dir='ltr'>Corinthii</span> <span class='ocrx_word' id='word_1_373' title='bbox 2004 2165 2084 2195; x_wconf 90' lang='lat' dir='ltr'>or·</span> 
     </span>
     <span class='ocr_line' id='line_1_74' title="bbox 1097 2215 2089 2287; baseline -0.002 -22"><span class='ocrx_word' id='word_1_374' title='bbox 1097 2218 1236 2275; x_wconf 89' lang='lat' dir='ltr'>dinis,</span> <span class='ocrx_word' id='word_1_375' title='bbox 1248 2236 1446 2284; x_wconf 84' lang='lat' dir='ltr'>quarum</span> <span class='ocrx_word' id='word_1_376' title='bbox 1467 2219 1596 2266; x_wconf 81' lang='lat' dir='ltr'>aereis</span> <span class='ocrx_word' id='word_1_377' title='bbox 1612 2219 1844 2286; x_wconf 84' lang='lat' dir='ltr'>capitellis</span> <span class='ocrx_word' id='word_1_378' title='bbox 1858 2215 2089 2287; x_wconf 81' lang='lat' dir='ltr'>superim-</span> 
     </span>
     <span class='ocr_line' id='line_1_75' title="bbox 1095 2285 2083 2356; baseline -0.003 -19"><span class='ocrx_word' id='word_1_379' title='bbox 1095 2285 1253 2356; x_wconf 78' lang='lat' dir='ltr'>politae</span> <span class='ocrx_word' id='word_1_380' title='bbox 1272 2302 1403 2337; x_wconf 87' lang='lat' dir='ltr'>erant</span> <span class='ocrx_word' id='word_1_381' title='bbox 1423 2289 1648 2356; x_wconf 84' lang='lat' dir='ltr'>imagines</span> <span class='ocrx_word' id='word_1_382' title='bbox 1679 2289 1949 2355; x_wconf 86' lang='lat' dir='ltr'>aliquorum</span> <span class='ocrx_word' id='word_1_383' title='bbox 1971 2289 2083 2334; x_wconf 83' lang='lat' dir='ltr'>San-</span> 
     </span>
     <span class='ocr_line' id='line_1_76' title="bbox 1091 2359 2084 2426; baseline -0.004 -18"><span class='ocrx_word' id='word_1_384' title='bbox 1091 2360 1280 2408; x_wconf 68' lang='lat' dir='ltr'>&amp;orum</span> <span class='ocrx_word' id='word_1_385' title='bbox 1298 2376 1465 2417; x_wconf 58' lang='lat' dir='ltr'>aureae,</span> <span class='ocrx_word' id='word_1_386' title='bbox 1479 2373 1820 2426; x_wconf 69' lang='lat' dir='ltr'>argenteaeque,</span> <span class='ocrx_word' id='word_1_387' title='bbox 1841 2376 1892 2406; x_wconf 84' lang='lat' dir='ltr'>ac</span> <span class='ocrx_word' id='word_1_388' title='bbox 1909 2359 2084 2406; x_wconf 75' lang='lat' dir='ltr'>Lucer-</span> 
     </span>
     <span class='ocr_line' id='line_1_77' title="bbox 1093 2426 2084 2498; baseline -0.004 -20"><span class='ocrx_word' id='word_1_389' title='bbox 1093 2450 1160 2478; x_wconf 77' lang='lat' dir='ltr'>nae</span> <span class='ocrx_word' id='word_1_390' title='bbox 1177 2426 1365 2498; x_wconf 88' lang='lat' dir='ltr'>insuper</span> <span class='ocrx_word' id='word_1_391' title='bbox 1382 2427 1649 2497; x_wconf 67' lang='lat' dir='ltr'>dispositae,</span> <span class='ocrx_word' id='word_1_392' title='bbox 1685 2446 1784 2495; x_wconf 82' lang='lat' dir='ltr'>quae</span> <span class='ocrx_word' id='word_1_393' title='bbox 1808 2431 1854 2476; x_wconf 89' lang='lat' dir='ltr'>in</span> <span class='ocrx_word' id='word_1_394' title='bbox 1883 2428 2084 2496; x_wconf 88' lang='lat' dir='ltr'>potiori-</span> 
     </span>
     <span class='ocr_line' id='line_1_78' title="bbox 1095 2498 2081 2557; baseline -0.002 -9"><span class='ocrx_word' id='word_1_395' title='bbox 1095 2500 1179 2548; x_wconf 90' lang='lat' dir='ltr'>bus</span> <span class='ocrx_word' id='word_1_396' title='bbox 1196 2502 1302 2548; x_wconf 85' lang='lat' dir='ltr'>anni</span> <span class='ocrx_word' id='word_1_397' title='bbox 1322 2498 1705 2557; x_wconf 84' lang='lat' dir='ltr'>celebritatibus,</span> <span class='ocrx_word' id='word_1_398' title='bbox 1725 2517 1817 2548; x_wconf 91' lang='lat' dir='ltr'>non</span> <span class='ocrx_word' id='word_1_399' title='bbox 1837 2499 1945 2547; x_wconf 89' lang='lat' dir='ltr'>oleo</span> <span class='ocrx_word' id='word_1_400' title='bbox 1964 2535 1979 2557; x_wconf 92' lang='lat'>‚</span> <span class='ocrx_word' id='word_1_401' title='bbox 2006 2498 2081 2547; x_wconf 87' lang='lat' dir='ltr'>sed</span> 
     </span>
     <span class='ocr_line' id='line_1_79' title="bbox 1094 2568 2083 2638; baseline -0.004 -19"><span class='ocrx_word' id='word_1_402' title='bbox 1094 2569 1303 2620; x_wconf 85' lang='lat' dir='ltr'>balsamo</span> <span class='ocrx_word' id='word_1_403' title='bbox 1335 2569 1486 2619; x_wconf 85' lang='lat' dir='ltr'>infuso</span> <span class='ocrx_word' id='word_1_404' title='bbox 1521 2568 1747 2619; x_wconf 83' lang='lat' dir='ltr'>ardebant</span> <span class='ocrx_word' id='word_1_405' title='bbox 1771 2605 1788 2628; x_wconf 94' lang='lat'>,</span> <span class='ocrx_word' id='word_1_406' title='bbox 1820 2568 2083 2638; x_wconf 80' lang='lat' dir='ltr'>fragrantes</span> 
     </span>
     <span class='ocr_line' id='line_1_80' title="bbox 1091 2640 2082 2691; baseline -0.007 0"><span class='ocrx_word' id='word_1_407' title='bbox 1091 2641 1291 2691; x_wconf 89' lang='lat' dir='ltr'>odorem</span> <span class='ocrx_word' id='word_1_408' title='bbox 1310 2640 1555 2691; x_wconf 86' lang='lat' dir='ltr'>suavitatis</span> <span class='ocrx_word' id='word_1_409' title='bbox 1573 2677 1584 2689; x_wconf 87' lang='lat'><strong>.</strong></span> <span class='ocrx_word' id='word_1_410' title='bbox 1609 2642 1752 2689; x_wconf 88' lang='lat' dir='ltr'>Nunc</span> <span class='ocrx_word' id='word_1_411' title='bbox 1765 2641 1831 2688; x_wconf 86' lang='lat' dir='ltr'>hae</span> <span class='ocrx_word' id='word_1_412' title='bbox 1847 2642 2082 2687; x_wconf 74' lang='lat' dir='ltr'>columnae</span> 
     </span>
     <span class='ocr_line' id='line_1_81' title="bbox 1092 2708 2080 2774; baseline -0.007 -14"><span class='ocrx_word' id='word_1_413' title='bbox 1092 2713 1139 2760; x_wconf 90' lang='lat' dir='ltr'>in</span> <span class='ocrx_word' id='word_1_414' title='bbox 1154 2713 1290 2760; x_wconf 86' lang='lat' dir='ltr'>altari</span> <span class='ocrx_word' id='word_1_415' title='bbox 1309 2709 1529 2760; x_wconf 82' lang='lat' dir='ltr'>visuntur</span> <span class='ocrx_word' id='word_1_416' title='bbox 1546 2747 1562 2769; x_wconf 89' lang='lat'>,</span> <span class='ocrx_word' id='word_1_417' title='bbox 1593 2712 1641 2757; x_wconf 89' lang='lat' dir='ltr'>in</span> <span class='ocrx_word' id='word_1_418' title='bbox 1669 2727 1763 2774; x_wconf 85' lang='lat' dir='ltr'>quo</span> <span class='ocrx_word' id='word_1_419' title='bbox 1779 2708 2080 2758; x_wconf 61' lang='lat' dir='ltr'>sacrosancta</span> 
     </span>
     <span class='ocr_line' id='line_1_82' title="bbox 1090 2779 2078 2832; baseline -0.006 -2"><span class='ocrx_word' id='word_1_420' title='bbox 1090 2782 1302 2832; x_wconf 85' lang='lat' dir='ltr'>servatur</span> <span class='ocrx_word' id='word_1_421' title='bbox 1326 2780 1616 2830; x_wconf 86' lang='lat' dir='ltr'>Eucharistia</span> <span class='ocrx_word' id='word_1_422' title='bbox 1651 2779 1765 2825; x_wconf 89' lang='lat' dir='ltr'>illuc</span> <span class='ocrx_word' id='word_1_423' title='bbox 1798 2779 2022 2826; x_wconf 82' lang='lat' dir='ltr'>translata</span> <span class='ocrx_word' id='word_1_424' title='bbox 2054 2796 2078 2824; x_wconf 91' lang='lat' dir='ltr'>a</span> 
     </span>
     <span class='ocr_line' id='line_1_83' title="bbox 1090 2847 2077 2907; baseline -0.004 -7"><span class='ocrx_word' id='word_1_425' title='bbox 1090 2850 1314 2902; x_wconf 82' lang='lat' dir='ltr'>Pontifice</span> <span class='ocrx_word' id='word_1_426' title='bbox 1331 2853 1582 2901; x_wconf 88' lang='lat' dir='ltr'>Clemente</span> <span class='ocrx_word' id='word_1_427' title='bbox 1602 2850 1750 2897; x_wconf 88' lang='lat' dir='ltr'>VIII.</span> <span class='ocrx_word' id='word_1_428' title='bbox 1772 2850 1845 2897; x_wconf 89' lang='lat' dir='ltr'>De</span> <span class='ocrx_word' id='word_1_429' title='bbox 1875 2847 1944 2898; x_wconf 89' lang='lat' dir='ltr'>his</span> <span class='ocrx_word' id='word_1_430' title='bbox 1963 2848 2077 2907; x_wconf 76' lang='lat' dir='ltr'>vide</span> 
     </span>
     <span class='ocr_line' id='line_1_84' title="bbox 1090 2921 1399 2989; baseline -0.023 -16"><span class='ocrx_word' id='word_1_431' title='bbox 1090 2921 1366 2989; x_wconf 88' lang='lat' dir='ltr'>Rasponum</span> <span class='ocrx_word' id='word_1_432' title='bbox 1387 2955 1399 2966; x_wconf 90' lang='lat'><strong>.</strong></span> 
     </span>
    </p>

    <p class='ocr_par' dir='ltr' id='par_1_22' title="bbox 1165 2984 1760 3039">
     <span class='ocr_line' id='line_1_85' title="bbox 1165 2984 1760 3039; baseline -0.008 0"><span class='ocrx_word' id='word_1_433' title='bbox 1165 2996 1239 3039; x_wconf 88' lang='lat'>18.</span> <span class='ocrx_word' id='word_1_434' title='bbox 1281 2989 1434 3038; x_wconf 86' lang='lat' dir='ltr'>Navis</span> <span class='ocrx_word' id='word_1_435' title='bbox 1466 2984 1760 3036; x_wconf 87' lang='lat' dir='ltr'>transversa.</span> 
     </span>
    </p>

    <p class='ocr_par' dir='ltr' id='par_1_23' title="bbox 1083 3054 2072 3338">
     <span class='ocr_line' id='line_1_86' title="bbox 1161 3054 2072 3128; baseline -0.002 -20"><span class='ocrx_word' id='word_1_436' title='bbox 1161 3079 1236 3119; x_wconf 85' lang='lat'>19.</span> <span class='ocrx_word' id='word_1_437' title='bbox 1276 3055 1415 3128; x_wconf 85' lang='lat' dir='ltr'>Apfis</span> <span class='ocrx_word' id='word_1_438' title='bbox 1446 3059 1495 3108; x_wconf 85' lang='lat'>&amp;</span> <span class='ocrx_word' id='word_1_439' title='bbox 1518 3054 1766 3107; x_wconf 88' lang='lat' dir='ltr'>Pontificia</span> <span class='ocrx_word' id='word_1_440' title='bbox 1800 3059 1940 3109; x_wconf 85' lang='lat' dir='ltr'>Sedes</span> <span class='ocrx_word' id='word_1_441' title='bbox 1960 3093 1970 3105; x_wconf 92' lang='lat'><strong>.</strong></span> <span class='ocrx_word' id='word_1_442' title='bbox 2017 3061 2072 3108; x_wconf 86' lang='lat' dir='ltr'>In</span> 
     </span>
     <span class='ocr_line' id='line_1_87' title="bbox 1085 3126 2070 3198; baseline 0 -20"><span class='ocrx_word' id='word_1_443' title='bbox 1085 3131 1168 3178; x_wconf 83' lang='lat' dir='ltr'>hac</span> <span class='ocrx_word' id='word_1_444' title='bbox 1191 3127 1348 3198; x_wconf 81' lang='lat' dir='ltr'>apsida</span> <span class='ocrx_word' id='word_1_445' title='bbox 1368 3126 1685 3198; x_wconf 86' lang='lat' dir='ltr'>infrascriptos</span> <span class='ocrx_word' id='word_1_446' title='bbox 1705 3128 1865 3178; x_wconf 86' lang='lat' dir='ltr'>versus</span> <span class='ocrx_word' id='word_1_447' title='bbox 1883 3165 1899 3187; x_wconf 93' lang='lat'>,</span> <span class='ocrx_word' id='word_1_448' title='bbox 1916 3146 2070 3178; x_wconf 67' lang='lat' dir='ltr'>cum-³</span> 
     </span>
     <span class='ocr_line' id='line_1_88' title="bbox 1085 3196 2072 3268; baseline 0.002 -20"><span class='ocrx_word' id='word_1_449' title='bbox 1085 3200 1266 3264; x_wconf 63' lang='lat' dir='ltr'>adjeRa</span> <span class='ocrx_word' id='word_1_450' title='bbox 1319 3199 1622 3268; x_wconf 89' lang='lat' dir='ltr'>inscriptione</span> <span class='ocrx_word' id='word_1_451' title='bbox 1665 3201 1783 3248; x_wconf 89' lang='lat' dir='ltr'>olim</span> <span class='ocrx_word' id='word_1_452' title='bbox 1836 3196 2072 3250; x_wconf 63' lang='lat' dir='ltr'>extitisse,</span> 
     </span>
     <span class='ocr_line' id='line_1_89' title="bbox 1083 3269 2071 3338; baseline -0.004 -18"><span class='ocrx_word' id='word_1_453' title='bbox 1083 3285 1239 3321; x_wconf 84' lang='lat' dir='ltr'>narrat</span> <span class='ocrx_word' id='word_1_454' title='bbox 1262 3272 1513 3321; x_wconf 82' lang='lat' dir='ltr'>Panvinius</span> <span class='ocrx_word' id='word_1_455' title='bbox 1524 3306 1541 3330; x_wconf 89' lang='lat'>,</span> <span class='ocrx_word' id='word_1_456' title='bbox 1571 3288 1685 3338; x_wconf 85' lang='lat' dir='ltr'>quos</span> <span class='ocrx_word' id='word_1_457' title='bbox 1703 3270 1934 3321; x_wconf 84' lang='lat' dir='ltr'>vetustate</span> <span class='ocrx_word' id='word_1_458' title='bbox 1953 3269 2071 3318; x_wconf 88' lang='lat' dir='ltr'>obli-</span> 
     </span>
    </p>

    <p class='ocr_par' dir='ltr' id='par_1_24' title="bbox 1945 3353 2068 3390">
     <span class='ocr_line' id='line_1_90' title="bbox 1945 3353 2068 3390; baseline 0.016 -3"><span class='ocrx_word' id='word_1_459' title='bbox 1945 3353 2068 3390; x_wconf 69' lang='lat' dir='ltr'>tesa-</span> 
     </span>
    </p>
   </div>
  </div>
 </body>
</html>
