2378 3674
266 260 328 304 80
629 251 748 302 DE
831 247 1229 298 SACRIS

260 336 555 389 vergentem,
574 319 761 388 patebat
781 316 934 364 aditus
950 320 1125 385 ,janua
1143 317 1236 365 haec

261 394 584 461 appellabatur
618 393 834 436 Romana
853 423 862 433 .
902 389 1197 436 Rationem-2
1216 424 1234 445 ,

259 481 342 511 cur
364 478 426 509 lta
448 460 778 527 appellaretur,
794 457 990 506 Mallius
1013 459 1058 504 in
1076 459 1256 525 praecis

265 547 362 580 tato
384 535 485 580 loco
502 527 562 576 fic
580 527 759 576 reddit:
795 528 977 577 Dicit-ur
994 529 1129 577 Porta
1143 529 1233 579 Ro-

265 619 381 650 mana
395 636 408 657 ,
440 604 634 666 quoniam
654 633 668 654 ,
691 614 739 647 ut
753 614 778 646 a
794 600 957 648 nostris
977 597 1042 647 M
1047 598 1232 662 ajoribus

262 675 487 736 accepimus
514 703 529 725 ‚
578 669 775 719 Romane
820 671 1015 718 mulieres
1046 673 1231 734 antiqui-

259 744 329 791 τὰς
355 775 371 798 ,
421 742 475 789 &⁴
505 737 638 787 adhuc
659 737 907 806 frequenter
927 753 1007 803 per
1038 755 1124 787 eam
1161 744 1233 787 in-

261 825 403 859 trant.
442 810 560 856 Haec
580 807 816 858 indicatur
830 822 966 878 porta
998 809 1044 854 in
1072 807 1240 857 eadem

266 877 385 927 Tab.
406 881 551 928 XIX.
578 880 646 925 lit.
667 881 739 944 Q

335 967 354 995 1
368 966 446 1006 29.
486 950 620 997 Huic
636 954 786 1010 januae
800 950 1017 1015 proxima
1030 961 1162 995 erant
1182 947 1243 997 se—

266 1019 459 1085 pulchra
479 1017 1242 1087 Benediffi111.&JoannisXIX.

261 1091 311 1139 &
328 1090 461 1135 Bulla
477 1087 747 1145 cente-limi,
778 1088 893 1137 idest
913 1086 1097 1157 Jubilei
1113 1091 1242 1145 anni,

262 1176 362 1225 quae
381 1160 427 1205 in
446 1157 602 1225 lapide
624 1176 892 1208 marmoreo
910 1156 1048 1206 incisa
1058 1156 1177 1216 fuit,
1193 1162 1243 1210 δε

262 1227 413 1275 adhuc
434 1229 622 1276 innova
658 1226 828 1275 visitur
857 1231 1077 1295 porticu,
1111 1235 1243 1293 cujus

265 1311 401 1346 tenor
423 1297 574 1346 videri
596 1296 747 1365 potest
775 1300 894 1346 inter
919 1300 1241 1365 Extravagan-

265 1381 332 1415 tes
361 1384 668 1424 communes,
707 1369 755 1417 &
787 1369 981 1435 incipit.-
1020 1372 1242 1436 Antiquo-

263 1457 356 1486 rum
370 1436 491 1486 habet
503 1439 605 1506 fida
619 1443 730 1486 ratio
762 1441 853 1488 &a
874 1436 958 1486 sub
978 1442 1051 1486 tit.
1072 1442 1123 1489 de
1146 1443 1240 1491 Pae-

265 1511 464 1556 nitentiis
477 1542 492 1564 ‚
528 1511 582 1557 (Ὺ
599 1508 930 1575 Remffonibzis
951 1546 960 1555 .

340 1597 358 1625 1
371 1591 448 1634 30·
475 1579 529 1624 In
543 1577 703 1626 medio
726 1576 864 1627 faciei
884 1578 1088 1629 Bafilicae
1105 1585 1242 1631 tertia

263 1654 400 1712 janua
416 1646 745 1714 aperiebatur,
772 1667 871 1715 quae
890 1651 1033 1697 etiam
1054 1652 1101 1698 in
1119 1653 1243 1702 dieta

266 1716 539 1768 Tab.XIX.
557 1715 638 1765 sub
653 1720 723 1767 lit.
738 1722 775 1767 Ι.
791 1719 1068 1778 ostend-itur,
1085 1742 1136 1770 ac
1151 1727 1246 1772 Ar-

263 1799 432 1855 gentea
452 1785 698 1836 dicebatur
711 1826 727 1847 ‚
766 1790 821 1838 e&
836 1789 964 1857 quod
993 1789 1132 1857 ipfius
1145 1796 1245 1841 val-

265 1875 335 1905 vae
352 1875 407 1905 ex
427 1861 529 1924 puri
553 1861 732 1923 argenti
752 1860 941 1907 laminis
954 1897 970 1917 ,
988 1862 1242 1910 caelaturis-

265 1944 355 1992 que
377 1926 433 1973 ab
449 1930 668 1975 Honorio
684 1932 721 1975 Ι.
738 1943 970 1996 coopertae
985 1926 1179 1990 fuerint,
1195 1948 1248 1981 ut

267 1995 392 2063 apud
407 1996 827 2045 Bibliothecarium
859 2001 905 2047 in
926 1995 1066 2066 ipfius
1086 2003 1245 2050 Ponti-

267 2064 365 2113 ficis
383 2067 482 2113 vita
497 2102 512 2123 ,
532 2065 591 2114 fic
613 2088 622 2115 ε
639 2067 668 2116 I
671 2070 1094 2136 investivitRegias=
1096 2079 1245 2136 januas

265 2141 316 2185 in
335 2136 512 2204 ingrffi
527 2134 712 2205 ‘Ecclefiae
723 2175 738 2196 ,
776 2147 982 2205 majores,
999 2159 1084 2206 quae
1101 2147 1242 2208 appel-

265 2210 413 2257 lantur
453 2208 653 2256 medianae
682 2229 737 2257 ex
767 2226 934 2279 argento
959 2248 974 2268 ,
1015 2231 1097 2279 quae
1122 2217 1244 2284 pens:

264 2275 402 2326 libras
431 2283 708 2347 noningentas
725 2280 1006 2350 septuaginta
1034 2287 1214 2351 quinque
1235 2320 1245 2330 .

266 2346 369 2394 Has
403 2359 561 2394 tamen
605 2347 905 2415 postmodum
943 2370 968 2398 a
1013 2355 1250 2403 Saracenis

268 2414 480 2471 nudatas,
495 2417 595 2465 dire
602 2416 894 2484 ptasqueLeo
907 2425 996 2469 IV.
1015 2425 1248 2488 primaevo

268 2481 505 2551 splendori
524 2485 742 2547 restituit3
764 2501 817 2534 ut
832 2491 879 2537 in
898 2490 1106 2552 ejusdem
1125 2495 1246 2540 Pon-

267 2551 404 2600 tificis
418 2555 516 2600 vita
531 2557 680 2622 parite
690 2573 708 2602 ι·
728 2555 921 2607 testatur
936 2561 1247 2611 idemBiblio-

269 2624 498 2671 thecarius
510 2660 526 2682 ,
544 2623 610 2672 ibi
633 2647 644 2674 :
681 2624 775 2694 Ipfi'
789 2629 967 2697 ilfigm's
978 2668 991 2688 ,
1013 2632 1248 2699 Praesithue

258 2698 489 2758 praecipuus
521 2699 614 2743 sitm
653 2699 876 2746 innumera
895 2703 1060 2768 summi
1087 2703 1250 2751 decoris

268 2778 386 2828 opera
412 2768 459 2811 in
478 2764 666 2833 Bafilica
689 2768 744 2817 B.
764 2769 892 2817 Petri
915 2774 1023 2822 Coeli
1050 2773 1246 2842 clavige-

269 2840 314 2882 ri
325 2831 556 2901 perfi’ciffin
573 2871 589 2892 ,
616 2851 765 2900 portas
784 2873 799 2894 ,
834 2857 935 2906 quas
969 2842 1248 2893 destruxerat

269 2905 470 2954 Saracena
478 2913 704 2973 progenies
726 2943 741 2963 ,
777 2926 1028 2978 argentoque
1048 2912 1244 2963 nudave-

269 2991 365 3030 rat,
401 2980 571 3031 erexit,
607 2979 831 3045 multisque
848 2984 1064 3049 argenteis
1088 2983 1249 3033 tabulis

270 3042 478 3109 lucifluis,
502 3046 828 3116 salutift’risque
851 3053 1247 3119 historiis-sculptis

269 3115 495 3162 decoravit
515 3150 529 3169 ,
550 3118 604 3163 Θ
620 3122 666 3164 in
682 3121 894 3167 meliorem
901 3124 1103 3188 speciem,
1122 3130 1246 3191 quam

262 3183 432 3246 pridem
435 3180 614 3248 fuerant
628 3222 643 3243 ‚
678 3197 906 3252 reparavit
921 3227 931 3237 .
972 3193 1061 3241 Hae
1094 3196 1247 3242 valvae

272 3249 327 3295 ab
342 3252 426 3297 aevi
442 3254 725 3313 inju1·ia‚sive
739 3257 827 3304 alia
844 3261 901 3311 de
916 3260 1050 3309 causa
1066 3265 1243 3322 lacer-ae,

1315 249 1385 299 AE'
1419 249 1464 297 I)
1499 247 1526 295 Ι
1563 249 1601 296 F
1632 250 1657 298 I
1694 254 1730 302 C
1767 252 1793 299 Ι
1830 252 1858 301 I
1892 253 1925 303 S

1290 316 1593 382 deciduaeque
1616 353 1633 375 ,
1685 332 1897 388 tempore
1939 324 2143 392 Eugenii
2177 329 2267 376 IV.

1290 387 1452 435 ablatae
1469 384 1599 436 fuere
1614 423 1630 444 ‚
1663 388 1856 455 aliaeque
1884 411 2014 441 aeneae
2036 395 2083 441 in
2108 412 2273 444 earun-

1288 457 1399 506 dem
1419 458 1580 505 locum
1600 455 1799 507 suffecftae
1815 495 1831 516 ‚
1853 460 1910 508 de
1934 460 2100 528 quibus
2119 467 2166 512 in
2188 482 2271 511 no-

1286 526 1377 575 stro
1408 545 1548 595 opere
1569 527 1625 575 de
1653 532 1813 577 Veter.
1850 534 2057 580 Monim.
2079 549 2198 601 part.
2228 555 2269 583 1.

1286 616 1377 658 c.5.
1391 595 1894 666 egimus,ipsarumque
1911 601 2191 652 iconismum
2210 619 2277 652 at·

1288 670 1509 716 tulimus.
1542 669 1688 736 Qiod
1707 688 1789 718 nos
1809 671 1928 718 hanc
1948 669 2274 740 descripfimus

1291 744 1479 803 januam
1499 775 1514 795 ,
1552 739 1633 787 sub
1653 738 1836 788 silentio
1871 743 2107 807 praeterire
2131 746 2271 791 mini-

1294 809 1369 855 me
1388 810 1607 858 volumus
1623 846 1639 866 ,
1672 809 1797 876 quod
1816 813 2084 860 Canonicus
2108 815 2276 860 Roma-

1294 894 1379 926 nus
1397 913 1412 934 ,
1433 875 1529 926 five
1545 879 1706 929 Petrus
1727 881 1924 928 Mallius
1944 883 1987 927 in
2006 879 2083 929 sua
2100 880 2275 930 deseri·
2326 909 2329 911 -

1296 948 1454 1015 ptione
1475 951 1720 998 Vaticana:
1747 947 1950 999 Bafilicae
1978 955 2142 1019 pagina
2165 973 2183 1000 1
2202 973 2218 1000 1
2232 972 2276 1011 7.

1297 1017 1356 1067 de
1376 1018 1582 1083 quodam
1609 1020 1761 1087 lapide
1783 1021 1926 1086 propr}
1944 1021 2061 1070 hanc
2088 1027 2279 1082 januam

1298 1090 1343 1134 in
1363 1090 1635 1154 pavimento
1657 1090 1881 1139 existente
1901 1104 2075 1148 narrat,
2091 1109 2277 1159 nempe:

1295 1159 1541 1226 Requieftit
1578 1166 1704 1211 etiam
1742 1178 1839 1210 ante
1886 1160 2064 1210 Portam
2105 1162 2278 1230 Argen-

1294 1245 1405 1277 team
1414 1229 1497 1296 fitb
1521 1247 1610 1278 rota
1629 1267 1644 1288 ,
1671 1231 1843 1298 scilicet
1851 1234 2150 1301 porphyretica
2179 1268 2194 1288 ‚
2232 1250 2279 1281 ut

1295 1316 1319 1347 a
1354 1302 1518 1350 noflris
1535 1299 1600 1350 M
1604 1301 1789 1366 ajoribus
1807 1307 2038 1367 accepimus
2053 1338 2067 1358 ,
2100 1305 2279 1354 Venera-

1295 1370 1401 1419 bilis
1432 1372 1552 1422 Beda
1583 1371 1808 1438 Presbyter
1828 1407 1842 1428 ,
1877 1377 1949 1438 qui
1967 1371 2083 1439 fecit
2114 1374 2276 1423 Homi-

1295 1442 1380 1490 lias
1413 1476 1429 1498 ,
1477 1451 1532 1491 (Τ
1562 1448 1651 1508 ejus
1683 1442 1731 1490 ob
1760 1448 2055 1491 reverentiam
2088 1443 2282 1510 Antiqui

1296 1511 1626 1576 noft'ripenittis
1647 1530 1729 1560 non
1753 1512 1993 1581 transibant
2015 1529 2094 1580 per
2121 1530 2244 1563 earm.
2268 1553 2282 1574 ,

1295 1603 1364 1633 nec
1399 1602 1470 1631 nos
1503 1583 1683 1652 tranfire
1706 1583 2012 1648 permittebant
2041 1618 2051 1629 .
2105 1584 2279 1649 Supra-

1301 1666 1615 1701 memoratam
1652 1650 1901 1700 confirmat
1927 1653 2279 1701 traditionenL,

1301 1723 1545 1772 Honorius
1572 1721 2007 1790 Augustodunenfis
2029 1721 2086 1771 de
2118 1723 2282 1770 Lumi-

1299 1810 1396 1839 nar.
1414 1791 1587 1840 Eccles.
1610 1792 1689 1840 ubi
1708 1794 1930 1840 meminit
1947 1829 1963 1849 ,
1985 1791 2160 1840 Bedam
2182 1796 2281 1841 Ro„

1302 1881 1389 1910 mae
1410 1858 1569 1910 obiisse
1584 1898 1599 1919 ‚
1616 1879 1618 1882 ·
1638 1861 1796 1928 ibique
1820 1860 1953 1911 fuisse
1973 1859 2250 1930 sepultum.)
2270 1900 2281 1909 .

1301 1933 1548 1982 Honorius
1566 1934 1740 1980 Mallio
1755 1930 2046 2001 synchronus
2063 1929 2285 1992 fuit3nam

1302 2004 1383 2050 ille
1411 1999 1530 2049 obiit
1557 2021 1675 2052 anno
1714 2023 1731 2051 1
1750 2023 1860 2067 124.
1890 2017 1943 2051 ut
1986 2003 2126 2051 docet
2165 2001 2283 2050 Lab-

1300 2071 1357 2120 be
1384 2070 1442 2119 de
1477 2074 1645 2140 Script.
1679 2071 1937 2123 Ecclefiast.
1975 2075 2043 2119 Ex
2076 2089 2284 2137 quonam

1299 2143 1512 2191 Aue‘tore
1528 2145 1742 2190 notitiam
1762 2144 1897 2200 hanc,
1920 2142 2093 2190 Bedam
2115 2145 2280 2190 Romae

1301 2208 1479 2270 obiisse,
1495 2215 1737 2262 Honorius
1750 2210 2078 2280 desumpserit,
2097 2213 2281 2279 ignoro,

1303 2280 1388 2330 nifi
1418 2282 1476 2329 ab
1514 2283 1680 2331 eadem
1718 2283 1878 2331 Mallii
1913 2281 2167 2331 traditione
2202 2281 2284 2330 de-

1302 2349 1469 2419 cerpfit
1491 2389 1501 2399 .
1531 2352 1655 2401 Beda
1674 2355 1801 2400 enim
1818 2351 1939 2400 obiit
1955 2368 2077 2399 anno
2098 2366 2157 2410 73
2171 2367 2214 2411 5.
2231 2365 2285 2399 ut

1301 2423 1456 2489 placet
1471 2423 1615 2470 citato
1640 2420 1796 2471 Labbe
1816 2459 1831 2479 2
1863 2424 1911 2471 ὃς
1930 2419 1990 2468 fic
2010 2439 2093 2488 per
2119 2419 2283 2468 saecula

1299 2505 1503 2557 quatuor
1522 2505 1628 2540 ante
1644 2494 1919 2540 Honor-ium
1934 2527 1949 2547 ,
1986 2509 2127 2558 quare
2146 2488 2284 2540 facilc}

1301 2561 1381 2609 iste
1398 2559 1554 2628 decipi
1571 2563 1743 2628 potuit.
1765 2565 1882 2610 Haec
1896 2563 2057 2611 omnia
2077 2560 2285 2610 indican-

1302 2631 1361 2678 da
1377 2626 1464 2679 effe
1481 2631 1633 2689 duxi,
1670 2645 1723 2678 ut
1744 2629 1885 2689 scias,
1913 2629 2284 2681 eruditissimum

1304 2702 1555 2749 Danielem
1576 2700 1955 2769 papebrochium
1970 2705 2018 2750 in
2032 2702 2167 2750 Astis
2179 2705 2286 2749 San-

1299 2773 1484 2820 storum
1505 2771 1562 2818 ad
1589 2772 1717 2821 diem
1747 2791 1821 2822 10.
1839 2774 2020 2839 Aprilis
2054 2772 2216 2820 Tomo
2240 2792 2279 2820 1.

1298 2860 1400 2909 pag.
1422 2846 1537 2890 866.
1556 2843 1605 2891 &
1623 2841 1681 2890 ad
1696 2842 1826 2891 diem
1849 2862 1928 2902 27.
1943 2843 2064 2905 Maji
2081 2842 2278 2891 Tom.6.

1304 2929 1406 2980 pag.
1427 2927 1542 2970 723.
1573 2913 1690 2960 hanc
1718 2912 2020 2978 quaestionem
2046 2913 2282 2960 examina-

1303 3000 1350 3030 re
1366 3018 1380 3038 ‚
1398 3001 1448 3030 ac
1466 2978 1855 3040 afferere,ssedam
1876 2981 2211 3033 Venerabilem
2233 2980 2281 3025 in

1302 3054 1687 3105 Ultramontanis
1721 3053 1931 3120 partibus
1965 3047 2152 3105 obiisse,
2192 3049 2280 3096 ibi-

1299 3141 1392 3188 que
1414 3119 1545 3171 fuisse
1564 3120 1801 3189 sepultum
1822 3158 1833 3168 .
1871 3123 1968 3187 Qi
1995 3119 2128 3184 plura
2157 3116 2280 3168 defi-

1299 3193 1450 3248 derat,
1466 3191 1713 3240 laudatum
1732 3189 2103 3258 Papebrochium
2125 3189 2278 3238 adeat.
2318 3190 2321 3195 ’

1304 3263 1440 3328 Lapis
1457 3259 1673 3329 praefatus
1690 3260 1964 3312 orbicularis
1982 3256 2140 3326 figurae
2159 3272 2277 3314 erat,

2227 3345 2279 3376 ac
