2378 3674
224 282 313 305 ,μ
533 244 642 293 DE
719 235 1922 292 VOCISCORRECTIONE

220 315 354 361 nuele
379 331 401 358 a
428 311 676 360 Schelstrat
709 311 865 356 Primo
887 307 1092 371 ejusdem
1115 306 1192 354 Bi·
1246 309 1424 375 ligimus
1441 307 1662 356 exordium
1691 315 1782 355 &c-
1807 325 1858 354 ac
1880 307 2007 358 finit:
2046 307 2102 357 Si
2128 313 2225 375 quis

219 382 462 430 ''cliothecae
482 378 801 429 intercedebat
821 377 1029 427 Custode
1053 414 1068 435 ,
1100 379 1193 425 uri-2
1245 397 1335 445 ergo
1339 380 1492 445 spreta
1501 376 1695 442 perfidiae
1713 378 1895 442 caligine
1913 385 2001 443 ejus
2013 381 2223 445 fipraece-

220 469 309 519 que
329 449 570 517 sperabam
589 448 768 514 aliquid
786 466 860 497 me
877 444 963 496 effe
986 461 1195 514 repertu-
1236 453 1332 512 ptis
1351 483 1366 503 ,
1403 463 1449 493 ac
1465 447 1647 514 juffibus
1664 482 1679 502 ,
1719 450 1774 496 &⁵
1802 445 1960 513 nisibus
1976 448 2229 514 obtempera-

226 540 326 569 tum
346 535 418 581 33t
437 517 533 586 spes
554 536 628 567 me
648 515 818 566 fefellit
833 519 1194 584 mea3quoniam
1248 537 1292 565 re
1321 520 1548 573 voluerit,
1589 519 1699 568 Coeli
1728 551 1744 573 ,
1779 515 2227 586 Paradistquejanuas

226 590 607 638 nihiladinveni.
647 590 716 634 Ex
738 588 824 635 hoc
855 606 949 635 non
975 589 1197 655 perterri-

225 676 297 709 tus
316 662 471 707 animo
493 694 508 716 ,
548 657 648 705 imo
681 656 904 705 audacior
920 654 1066 706 fastus
1085 693 1101 714 ,
1138 657 1198 706 ad

220 733 334 778 alias
351 765 366 787 ,
401 743 498 775 tam
520 730 566 774 in
585 727 720 780 Urbe
737 763 752 785 ‚
790 745 930 794 quam
947 741 1077 776 extra
1095 745 1199 776 eam

227 798 518 857 invisendas,
555 817 605 846 ac
621 816 709 865 ope
729 800 1014 846 Amicorum
1042 798 1197 845 revol-

225 870 400 918 vendas
419 867 729 916 Bibliothecas
744 906 758 929 ,
778 885 854 915 me
871 869 1098 916 converti.
1121 871 1199 916 In-

226 942 376 1006 clytas
394 935 695 987 Barberinam
715 973 730 994 ,
766 939 815 987 &
838 936 1169 987 Orthobonam
1186 972 1200 993 ‚

224 1026 404 1058 necnon
427 1009 708 1074 Angelicam
722 1009 853 1055 adivi
869 1006 1203 1063 Bibliothecas,

226 1083 276 1131 ὃς
296 1079 404 1127 licet
437 1080 483 1125 in
516 1080 578 1125 cis
610 1076 950 1144 manuscriptos
970 1078 1203 1133 Codices,

227 1152 275 1198 in
311 1147 480 1215 quibus
513 1149 740 1197 S.Leonis
777 1162 910 1195 erant
937 1150 1202 1203 Sermones,

230 1215 503 1268 invenissem
529 1254 545 1275 ,
583 1219 889 1266 nihilominus
917 1217 977 1266 ob
1009 1221 1206 1283 antiqui-

229 1303 377 1338 tatem
396 1288 654 1337 venerandi
680 1289 876 1336 minime
909 1302 1042 1337 erant
1066 1327 1080 1349 ‚
1120 1290 1204 1336 in„

229 1357 384 1425 eisque
405 1358 521 1405 nihil
546 1393 561 1414 ‚
600 1355 685 1404 nisi
710 1359 855 1405 ARAE
880 1376 1045 1406 vocem
1075 1397 1088 1418 ,
1126 1358 1208 1406 ob-

226 1428 448 1478 servavi.
488 1425 648 1475 Postea
681 1428 1013 1476 Mediolanum
1049 1431 1206 1477 Reve-

230 1497 420 1547 rendiss.
440 1498 487 1544 P.
508 1495 754 1545 Eustochio
777 1516 800 1544 a
826 1499 995 1546 Sancto
1012 1497 1208 1550 Uhaldo

200 1578 203 1579 ⁷
230 1568 426 1620 Ordinis
447 1568 600 1616 Sancti
621 1565 872 1633 Augustini
897 1566 1209 1616 Discalceato-

230 1658 337 1688 rum
359 1674 374 1696 ,
411 1657 462 1686 ac
482 1635 782 1687 Sanciiffimae
816 1636 1135 1704 Inquisitionis
1164 1641 1211 1686 in

230 1711 325 1758 illis
347 1705 555 1776 partibus
575 1704 849 1758 Consultori
871 1745 885 1766 ‚
938 1709 1085 1774 deque
1116 1712 1209 1757 Rc-

231 1778 421 1848 publica
440 1779 647 1826 literaria
664 1779 842 1845 optime
861 1780 1212 1837 merito,literas

232 1849 374 1906 dedi,
404 1849 521 1895 utin
543 1846 852 1897 Ambrosiam
872 1850 1117 1917 indagaret
1136 1850 1210 1896 Bi-

233 1918 503 1974 bliotheca,
556 1937 613 1965 an
646 1919 811 1984 aliquis
842 1916 1014 1968 adesset
1045 1937 1210 1966 manu-

232 1987 430 2056 scriptus
447 1987 613 2037 Codex
630 2024 645 2045 ,
684 1990 765 2054 qui
784 1991 826 2036 S.
846 1989 1013 2038 Leonis
1032 1992 1215 2038 Sermo-

233 2078 314 2107 nes
334 2059 629 2113 contineret,
648 2059 696 2106 &
717 2056 954 2124 praefatam
970 2061 1115 2107 ARAE
1136 2078 1214 2108 vo-

234 2147 337 2178 cem
368 2129 412 2173 in
439 2127 503 2174 eis
529 2126 959 2177 animadverteret.
999 2128 1212 2195 Respon-

235 2199 307 2246 dit
322 2197 521 2244 Amicus
539 2232 555 2253 ,
582 2193 624 2244 se
645 2196 898 2262 diligenter
912 2197 1210 2266 perquisivis-

233 2266 280 2316 se
298 2266 499 2316 Codices
514 2301 529 2323 ‚
567 2279 704 2332 atque
726 2269 772 2312 in
791 2269 855 2315 cis
873 2271 1019 2317 ARAE
1041 2288 1211 2318 vocem

236 2334 390 2406 legiffe
414 2373 423 2382 .
464 2339 586 2384 Mox
607 2334 721 2383 Tibi
742 2338 885 2384 etiam
903 2338 1012 2387 dedi
1036 2341 1211 2397 literas,

236 2427 288 2456 ac
322 2404 591 2474 responsum
625 2408 816 2473 accepi,
857 2408 930 2456 Te
963 2411 1008 2456 in
1027 2411 1211 2458 Codice

236 2477 418 2545 signato
438 2493 631 2524 numero
668 2485 778 2526 126.
800 2475 1047 2542 praefatum
1079 2498 1213 2547 repe-

236 2545 355 2594 riisse
387 2547 663 2594 Sermonem
699 2581 715 2603 ,
766 2564 817 2592 ac
838 2549 884 2594 in
917 2565 972 2596 eo
1010 2568 1217 2600 vocem-2

240 2617 432 2666 ARCAE
456 2612 713 2683 expressam
736 2611 821 2664 effe
850 2638 865 2677 3
903 2637 1043 2683 quare
1064 2623 1213 2668 Ama-

239 2683 418 2735 nuensis
447 2703 657 2734 errorem
691 2685 884 2753 putabas
915 2723 930 2744 ,
983 2691 1064 2755 qui
1107 2691 1214 2737 loco

245 2757 433 2804 AREAE
451 2790 467 2812 ,
485 2757 673 2804 ARCAE
708 2753 954 2822 scripsisset
969 2794 984 2815 ‚
1001 2776 1214 2807 commu-

239 2825 383 2874 tando
419 2827 607 2873 literam
635 2828 671 2871 E
704 2826 752 2872 in
778 2829 837 2882 C,
854 2828 1214 2895 Codicemquffi

239 2897 378 2944 illum
406 2912 555 2943 unum
601 2892 735 2962 supra
770 2899 1022 2963 nonaginta
1055 2899 1211 2947 Sancii

241 2966 410 3014 Leonis
425 2967 670 3013 continere
691 2967 954 3024 Sermones,
973 2973 1102 3030 cujus
1121 2972 1213 3018 Co-

242 3035 354 3082 dicis
387 3035 575 3082 initium
609 3032 705 3083 est:
743 3034 965 3102 Incipiunt
993 3039 1212 3088 Sermones

241 3104 387 3154 Sanfli
405 3104 560 3153 Leonis
583 3104 706 3170 Papae
722 3141 732 3152 .
771 3104 826 3153 In
848 3111 1006 3171 primis
1021 3109 1073 3156 dc
1085 3115 1211 3173 jeju-

243 3180 313 3223 nio
331 3175 473 3242 mensts
494 3176 650 3224 decimi
662 3211 673 3222 .
709 3176 973 3243 Sifideliter
989 3179 1211 3246 dileiliffi·

242 3247 659 3313 mi‚atquesitpienter
672 3251 894 3297 creationis
914 3249 1066 3299 nofirae
1081 3252 1209 3299 intel-

1237 588 1406 656 fiemus
1440 586 1628 636 intrabit
1657 623 1668 633 .
1707 589 1849 636 Amen
1884 623 1895 633 .

1952 589 2229 637 Codicem.2

1251 656 1387 705 istum
1409 658 1555 705 literis
1573 655 1945 723 Longobardicis
1970 661 2068 719 jam
2089 677 2114 704 a
2131 657 2231 706 sex-

1251 728 1429 783 centis,
1466 729 1515 777 &
1534 729 1657 774 ultra
1685 728 1813 775 annis
1842 740 2088 775 exaratum
2111 725 2231 785 esse,

1253 798 1477 862 quoniam
1532 794 1762 845 Defiderii
1807 796 2009 845 Abbatis
2044 799 2230 846 Montis

1256 863 1414 915 Casini
1433 901 1448 922 ,
1484 868 1563 932 qui
1585 866 1738 933 postea
1754 869 1993 914 Romanus
2014 865 2233 915 Pontifex

1260 936 1450 984 nomine
1489 936 1697 985 Vistoris
1728 938 1818 984 ΙΙΙ.
1867 938 2027 986 extitit
2053 973 2069 995 ‚
2117 933 2236 1000 juffu

1257 1004 1452 1073 scriptus
1469 1003 1576 1063 fuit,
1590 1020 1642 1054 ut
1660 1007 1705 1053 in
1725 1014 1912 1073 cap.63.
1931 1005 2064 1065 lib.3.
2081 1008 2235 1057 Chro-

1256 1078 1348 1124 nici
1372 1074 1631 1125 Caslnenfis
1651 1076 1900 1143 legitur,&
1918 1091 1971 1125 ut
1991 1075 2238 1145 ipfiusmet

1262 1147 1457 1195 Codicis
1492 1144 1743 1195 ostendunt
1775 1147 2063 1196 charafieres
2092 1183 2108 1204 ,
2155 1149 2238 1215 qui

1260 1214 1432 1264 similes
1450 1217 1651 1264 aliorum
1668 1215 1907 1264 Codicum
1931 1218 1987 1265 de
2011 1218 2237 1267 mandato

1258 1284 1466 1349 ejusdem
1506 1283 1740 1335 Defiderii
1785 1285 1982 1334 Abbatis
2025 1301 2238 1336 exarato-

1262 1374 1368 1404 rum
1386 1356 1730 1406 characieribus
1747 1355 1850 1404 sunt
1866 1393 1876 1404 .
1897 1356 2099 1405 Praefatis
2117 1358 2236 1405 mihi

1261 1428 1623 1476 communicatis
1656 1428 1837 1476 notitiis
1850 1462 1867 1485 ,
1885 1440 2017 1475 tuam
2035 1444 2143 1495 erga
2161 1445 2240 1477 me

1263 1497 1604 1546 humanitatem
1635 1494 1813 1546 abunde
1834 1497 1985 1547 testari
2009 1497 2232 1556 voluisti,

1262 1566 1370 1616 cum
1390 1568 1594 1615 aliorum
1611 1564 1847 1616 sexdecim
1862 1570 2141 1617 Sermonum
2157 1566 2242 1617 sub

1263 1639 1453 1686 nomine
1485 1634 1693 1700 ejusdem
1727 1638 1880 1687 Sanefi
1911 1639 2080 1687 Leonis
2099 1674 2115 1696 ,
2139 1640 2241 1691 in„

1265 1710 1365 1756 aliis
1385 1706 1642 1757 Codicibus
1663 1706 1990 1776 manuscriptis
2020 1723 2241 1776 reperto·

1267 1797 1373 1826 rum
1398 1780 1531 1825 initia
1548 1813 1563 1835 ,
1602 1780 1650 1828 &
1681 1777 1790 1826 fines
1809 1777 1988 1827 miseris
2009 1815 2018 1824 .
2059 1783 2129 1826 At
2153 1798 2242 1828 no-

1266 1867 1375 1897 vem
1403 1866 1460 1896 ex
1483 1849 1576 1895 illis
1601 1868 1625 1896 a
1640 1848 1713 1897 Te
1734 1848 1948 1897 indicatis
1962 1854 2057 1911 jam
2073 1847 2156 1896 sub
2173 1849 2243 1897 al-

1265 1920 1410 1968 terius
1427 1918 1582 1967 Sancti
1601 1920 1788 1967 nomine
1803 1915 1887 1967 effe
1900 1917 2138 1986 impressos
2153 1938 2240 1969 no-

1265 1991 1350 2049 vi;
1387 1989 1680 2054 reliquorum
1714 1988 1831 2038 ver&
1869 1992 2037 2057 ignoro
2057 1990 2243 2039 Austo-

1267 2077 1335 2108 res
1353 2096 1362 2105 .
1404 2061 1470 2105 Ex
1492 2059 1559 2106 his
1576 2057 1692 2107 duos
1711 2058 1834 2127 apud
1852 2058 2241 2126 Qesnelhanam

1266 2129 1490 2178 adinveni
1521 2127 1872 2195 impreffionem
1899 2166 1916 2186 ,
1952 2128 2030 2178 sed
2067 2130 2239 2198 integri

1268 2199 1463 2247 minime
1482 2195 1588 2246 sunt
1607 2231 1620 2252 ,
1659 2217 1766 2246 cum
1794 2212 1943 2267 partes
1960 2202 2242 2247 Sermonum

1266 2268 1379 2329 iint3
1417 2286 1534 2316 unus
1553 2269 1811 2326 videlicet,
1828 2270 1907 2334 qui
1928 2270 2119 2335 incipit:
2152 2268 2244 2318 Ho-

1267 2339 1497 2388 norabilem
1516 2342 1606 2389 &c-
1633 2336 1697 2387 est
1726 2356 1827 2405 pars
1845 2339 2084 2386 Sermonis
2108 2357 2146 2386 1.
2180 2338 2243 2388 de

1270 2406 1609 2459 Anniversario
1643 2409 1718 2455 die
1743 2403 2090 2474 Affumptionis
2124 2406 2242 2458 suae:

1268 2483 1386 2528 alter
1405 2477 1466 2526 est
1483 2480 1646 2525 Sermo
1661 2482 1742 2540 48.
1758 2478 1815 2525 de
1835 2475 2205 2545 Qiadragefima
2229 2514 2241 2524 .

1268 2552 1337 2596 Ex
1368 2545 1635 2596 transmiffis
1662 2549 1818 2612 itaque
1849 2549 2056 2613 quinque
2085 2545 2242 2615 super-

1269 2618 1375 2667 sunt
1393 2654 1407 2675 ,
1444 2635 1557 2683 quos
1589 2653 1605 2675 ,
1642 2613 1762 2665 fasta
1798 2618 2050 2666 collatione
2088 2636 2240 2666 cum-a

1270 2689 1424 2737 Sancti
1456 2686 1824 2744 Leonisnitido,
1861 2702 2114 2754 apertoque
2138 2687 2240 2755 sty-

1269 2760 1314 2807 lo
1335 2795 1350 2816 ,
1390 2757 1588 2805 minime
1607 2756 1891 2806 concordare
1918 2760 2106 2806 inveni.
2148 2759 2241 2806 Pu-

1267 2829 1366 2877 tavi
1387 2829 1530 2876 etiam
1549 2828 1594 2873 in
1613 2827 1701 2874 hoc
1723 2829 2009 2875 Amicorum
2032 2830 2101 2875 uti
2123 2827 2247 2891 judi·-

1264 2900 1338 2947 cio
1369 2933 1401 2958 ,b
1440 2898 1520 2962 qui
1556 2898 1604 2944 in
1636 2896 1833 2946 eandem
1864 2915 2020 2946 meam
2054 2900 2243 2947 iverunt·

1266 2968 1546 3017 sententiam
1571 3002 1582 3012 .

1332 3034 1719 3103 Indagationibus
1735 3035 1827 3084 istis
1844 3038 2041 3085 minime
2058 3035 2240 3100 acquie-

1267 3105 1489 3156 scendum
1510 3102 1595 3154 effe
1613 3105 1755 3163 duxi,
1794 3103 1872 3154 sed
1901 3108 2073 3155 iterum
2096 3104 2243 3153 Vati-

1267 3174 1432 3226 canam
1463 3173 1807 3224 Bibliothecam
1837 3173 1965 3224 adire
1992 3210 2008 3232 ,
2043 3189 2241 3221 novam-

1269 3265 1359 3316 que
1378 3243 1597 3295 adhibere
1629 3245 1926 3315 diligentiam
1951 3260 2134 3312 aequum
2152 3260 2240 3311 pu-

2117 3327 2245 3372 taV13
