2378 3674
77 348 217 462 gni
267 345 896 457 Eleemosynarii
945 375 1241 428 munus
1293 346 1795 457 integritati,
1838 374 1932 428 ac
1983 345 2072 427 li-

75 504 473 591 beralitati
536 527 691 588 tuae
737 505 1225 590 demandare
1274 506 1540 591 voluit
1585 540 1606 596 3
1653 503 1886 586 Alter
1939 534 2075 591 ve-

72 663 163 750 ro
207 664 445 750 Sacra
511 664 868 778 Purpura
928 666 1078 751 vix
1128 665 1549 763 indutum,
1608 695 1712 745 ex
1757 665 2076 747 Ordine

73 825 638 911 Cardinalium
679 825 1243 910 Diaconorum
1305 828 1405 911 ad
1469 825 1702 943 illum
1745 822 2077 934 Presby-

74 1007 472 1085 terorum‚
514 987 983 1098 contempta
1019 989 1389 1071 decennii
1445 988 1669 1099 lege,
1723 980 2073 1097 benigne

73 1145 518 1230 transtulit:
580 1149 797 1230 unde
861 1147 1103 1229 etiam
1167 1146 1864 1232 evidentissimum
1927 1143 2074 1237 est,

76 1308 201 1389 Te
276 1304 623 1390 honores
703 1309 793 1393 ὃς
873 1307 1374 1423 Dignitates
1418 1337 1588 1389 non
1670 1336 2071 1419 quaerere,

71 1463 201 1550 sed
275 1464 375 1549 ab
449 1464 896 1551 honoribus
980 1469 1070 1555 δεῖ
1155 1465 1718 1582 Dignitatibus
1782 1467 2078 1581 quaeri3

69 1623 407 1741 ideoque
468 1658 512 1712 a
567 1628 1127 1741 Dignitatibus
1188 1632 1460 1714 lucem
1519 1659 1690 1712 non
1725 1651 1893 1711 tarn
1956 1655 2078 1711 ac-

0 1897 3 1901 >
69 1788 336 1900 cipere
385 1817 421 1879 ‚‘
467 1783 710 1901 quam
759 1789 1323 1903 Dignitatibus
1388 1790 1662 1873 lucem
1736 1787 2077 1880 addere,

70 1947 162 2035 δί
206 1949 739 2073 dignitatem.

181 2113 563 2229 Denique
608 2117 744 2225 (ut
796 2116 1043 2232 longe
1095 2120 1366 2234 plura,
1396 2112 1640 2230 quam
1684 2115 1945 2201 Verbis
1986 2120 2076 2202 li-

70 2293 243 2357 ceat
277 2304 731 2387 percurrere
763 2347 783 2375 ‚
849 2278 1168 2365 filentio
1229 2277 1902 2396 praetermittam)
1957 2280 2075 2364 in-

74 2428 285 2544 figne
358 2437 459 2520 de
534 2443 840 2526 meritis
929 2444 1084 2528 tuis
1170 2440 1719 2527 testimonium
1785 2439 2071 2551 praesti-

74 2591 178 2674 tit
222 2595 531 2707 plausus
581 2606 1049 2691 universalis
1095 2606 1184 2693 ὃς
1229 2602 1632 2688 maximus
1665 2666 1686 2694 ,
1750 2628 1914 2711 quo
1942 2604 2065 2682 Te

75 2749 296 2836 Urbs
344 2757 593 2842 Orbis
629 2768 950 2881 Regina
998 2770 1029 2878 (
1067 2769 1157 2855 ὃς
1224 2767 1305 2851 in
1350 2794 1445 2849 ea
1509 2764 2063 2848 Literatorum

68 2911 593 3026 Respublica,
652 2929 1174 3022 MeeaenatiS,
1240 2926 1605 3013 fautoris
1654 2991 1675 3021 ,
1759 2922 1849 3008 δί
1922 2927 2063 3004 Pa-

72 3075 290 3155 troni
326 3077 436 3160 sui
472 3084 994 3173 amantiffima
1017 3092 1054 3195 )
1093 3089 1195 3172 ad
1222 3116 1366 3172 nos
1407 3088 1875 3175 venientem
1919 3114 2059 3168 ex-

188 3232 370 3319 Par.
391 3239 488 3323 II.
1311 3240 1367 3326 b
1792 3245 2011 3359 cepit
2036 3282 2056 3336 ς
