2378 3674
695 272 733 322 C
804 272 850 321 Α
920 271 958 321 P
1031 271 1077 323 U
1152 269 1198 320 T
1310 267 1364 319 X
1379 266 1433 318 Χ
1449 266 1515 318 ΙΙ
1532 266 1573 318 Ι.
2029 286 2046 318 ι
2093 287 2119 328 7

139 355 346 396 nequeunt
363 375 377 395 ‚
406 338 633 390 decoravit
651 376 660 386 .
693 343 875 406 Cumque
909 344 998 388 tr1'a
1009 344 1089 390 ele·
1144 357 1228 389 tem
1259 340 1335 407 ff
1371 342 1649 388 occultaturos
1674 372 1683 383 .
1712 334 1861 405 Itaque
1890 354 1971 385 non
1981 289 2121 406 fini...

130 402 257 481 gfft
274 416 361 460 loca
373 409 511 457 tribus
523 413 663 478 sacris
677 445 692 466 ,
721 413 774 459 (θ’
790 411 1089 478 mnyicisspe-
1134 410 1298 477 summo
1324 408 1463 458 labore
1485 442 1501 464 ‚
1533 410 1722 471 plurima
1753 410 1875 456 humo
1902 411 2118 460 aliunde...

135 488 269 532 iuncis
285 482 513 536 honorata,
536 481 699 548 fingula
731 482 969 547 magnificis
997 481 1095 529 aedi-
1151 477 1337 528 advec‘la
1364 513 1380 535 ,
1404 477 1658 546 aggestaque
1685 513 1701 534 ,
1735 492 1867 525 totum
1901 479 2032 526 locum
2060 493 2124 544 op-

121 555 249 621 ficiis
269 555 476 599 ornavit.
505 550 561 599 Ei
578 550 740 618 quidem
748 552 956 616 spelunca
981 584 997 606 ,
1012 555 1100 600 in„
1146 550 1350 613 plevere.
1435 566 1525 595 uem
1549 552 1641 596 ciem
1674 548 1874 596 mediocri
1894 549 2127 597 altitudine

135 639 215 688 qua
244 622 359 670 Deus
391 623 582 686 primum
617 625 812 684 apparuit
833 654 846 676 ‚
880 637 1102 685 congruum
1155 616 1402 683 extultſjint
1419 652 1434 673 ,
1462 618 1668 681 &lapide
1684 617 2125 687 conffrawſjent,fi1b

135 693 330 739 honorem
355 690 635 755 impendens:
670 693 717 735 in
753 692 888 737 altera
927 704 1102 737 autum,
1155 689 1230 736 hac
1274 702 1397 734 tanta
1439 691 1628 753 congerie
1654 689 1822 754 sacram
1843 686 2124 752 speluncam„

137 763 294 810 ultime
340 762 461 810 illius
506 758 820 825 Affiemptionis
863 761 910 808 in
954 762 1106 806 montis

136 834 306 880 vertice
332 829 566 877 illustrans
593 834 832 879 memoriam
854 847 865 875 :
910 833 958 876 in
984 830 1107 878 illa„

139 905 245 947 ‘vero
261 898 494 963 spelunca,
523 915 610 963 quae
637 901 748 946 inter
777 913 992 966 utramque
1021 918 1105 947 me-

136 969 212 1016 dia
225 967 292 1014 eff
307 1001 322 1022 ,
351 967 602 1017 Servatoris
616 969 757 1017 nofi'ri
778 972 1035 1025 certamina,
1053 971 1107 1017 ἐπ’

138 1036 378 1085 ὐἱὲἶονίιιηι
395 1039 605 1086 extollens
623 1071 632 1081 .
654 1038 751 1087 Has
770 1056 905 1085 omnes
924 1038 1104 1104 spelun-

138 1125 206 1155 cas
223 1104 458 1171 Imperator
489 1110 704 1174 magnifice
737 1111 972 1155 exornavit
991 1141 1005 1162 ,
1027 1110 1104 1174 sa-

138 1178 274 1225 lutare
306 1178 455 1227 Crucis
473 1177 647 1245 stgnum
676 1177 892 1245 universts
920 1178 1105 1224 homini-

138 1246 481 1309 buspraedicans.
514 1247 667 1292 Prima
694 1235 854 1294 autem
888 1242 1106 1300 Bafilica,

139 1331 279 1382 quam
299 1316 345 1361 in
366 1313 867 1363 PalaestinaeProvincia
887 1314 1108 1363 Constan-

137 1387 262 1431 tinus
308 1386 459 1433 erexit
489 1419 504 1441 ,
540 1382 663 1430 sacra
710 1383 803 1432 fuit
849 1384 1105 1450 Sepulchro

141 1453 378 1511 Domini,
419 1458 550 1515 cujus
593 1452 831 1503 occafione
875 1450 1107 1520 operosis,

139 1520 510 1589 sumptuofisque
544 1519 749 1571 aedificiis
783 1541 836 1571 ea
868 1523 968 1570 loca
1001 1524 1108 1570 illu-

139 1591 305 1640 stravit
329 1628 344 1649 ,
372 1594 416 1638 in
445 1609 647 1658 quorum
676 1608 771 1639 uno
808 1593 998 1639 humani
1027 1610 1107 1660 ge·

141 1663 259 1710 neris
294 1661 557 1709 Restitutor
588 1660 806 1709 occubuit
835 1697 850 1718 ‚
883 1663 929 1708 in
962 1663 1110 1710 altero

1156 757 1404 805 obtexerunt
1421 792 1431 802 .

1234 825 1404 876 Dehinc
1417 860 1431 881 ,
1439 826 1619 891 perinde
1629 843 1674 872 ac
1674 826 1728 893 st
1738 828 1857 875 nihil
1865 828 2046 891 amplius
2062 831 2126 892 ip-

1144 897 1211 964 sis
1222 893 1458 963 superesset
1474 930 1488 952 ,
1508 897 1640 963 supra
1656 897 1772 944 illud
1772 898 1912 963 solnm
1933 930 1948 953 ,
1977 894 2122 963 infim-

1161 968 1276 1016 Ham
1296 965 1470 1031 prorfits
1503 970 1739 1013 animarum
1752 966 2021 1034 sepulchrum
2046 987 2122 1015 ex·

1158 1054 1350 1085 truerunt
1378 1070 1393 1091 ,
1425 1033 1635 1102 obscuram
1677 1052 1927 1083 mortuorum
1950 1035 2123 1101 simula-

1157 1125 1315 1153 crorum
1365 1121 1597 1152 cavernam
1639 1109 1687 1152 in
1732 1106 1926 1152 bonorem
1964 1106 2126 1171 lascivi

1158 1176 1368 1223 Damonis
1387 1210 1401 1230 ,
1431 1192 1546 1238 quem
1580 1177 1778 1226 Venerem
1805 1189 1964 1223 ‘vocant
1979 1208 1994 1230 ,
2020 1174 2122 1222 aedi-

1145 1247 1355 1311 ficantes.
1395 1243 1491 1293 Ubi
1514 1243 1749 1291 execranda
1771 1245 1989 1308 sacrificia
1996 1244 2125 1309 super

1151 1310 1365 1378 profanis,
1384 1314 1437 1360 &⁴
1456 1317 1634 1375 impuris
1649 1313 1853 1360 altaribus
1878 1310 2122 1380 offerebant.

1158 1381 1219 1431 Id
1241 1388 1378 1436 enim,
1408 1381 1518 1447 quod
1537 1382 1850 1437 instituerant,
1868 1384 1934 1428 ita
1957 1381 2126 1428 demum

1150 1455 1201 1522 fi’
1216 1451 1470 1519 persccsiuros
1499 1452 1580 1519 eſsse
1618 1452 1894 1516 opinabantur
1925 1483 1940 1506 ,
1970 1450 2025 1517 st
2044 1455 2125 1498 im·

1155 1528 1277 1588 puris
1312 1521 1549 1587 hujusmodi
1558 1521 1760 1589 sordibus
1769 1523 1997 1589 salutarem
2023 1520 2125 1586 Spe-

1162 1595 1325 1642 luncam
1361 1590 1590 1656 obruissent
1605 1626 1614 1636 .

1234 1660 1399 1729 Miseri
1411 1665 1520 1708 enim
1534 1659 1650 1709 illud
1655 1665 1673 1710 i
1678 1662 1896 1726 ntelligere
1921 1676 1999 1705 non
2010 1674 2125 1724 pote-

142 1730 258 1779 ver&
290 1728 599 1778 Sacratiffima
626 1734 757 1779 Crux
782 1751 805 1779 a
826 1731 1001 1799 Judaeis
1031 1731 1111 1779 de·
1164 1748 1264 1780 rant
1281 1767 1295 1788 ,
1328 1735 1428 1798 fieri
1454 1734 1621 1778 omnino
1639 1731 1872 1796 nonpofie,
1888 1734 2018 1796 utqui
2033 1731 2123 1779 dc...

141 1797 258 1848 fossa
275 1799 367 1847 fuit
384 1835 394 1846 .
422 1803 525 1849 Hac
548 1799 605 1848 de
624 1818 669 1848 re
693 1800 1015 1849 testimonium
1039 1802 1113 1849 ha·
1165 1817 1292 1850 morte
1315 1793 1552 1850 ivic‘ioriam
1576 1801 1787 1867 retulisset
1803 1835 1816 1855 ,
1853 1798 1927 1844 hoc
1946 1800 2128 1866 ipsorum

144 1869 309 1918 bemus
330 1869 537 1932 ejusdem
566 1868 754 1918 Eusebii
772 1872 818 1917 in
835 1872 952 1919 Vita
987 1873 1109 1919 Con·
1149 1871 1328 1939 facinus
1347 1873 1547 1919 occultum
1562 1871 1838 1937 relinqueret:
1866 1869 2126 1934 quemadmo-

129 1938 276 1987 ’ἥρωι
313 1937 391 1986 lib.
414 1954 456 1996 3,
483 1957 580 2007 cap.
603 1947 683 1988 26⁴.
711 1937 894 2005 &seqq
927 1937 1006 1986 ubi
1024 1937 1106 1989 fic:
1161 1943 1260 1990 dum
1277 1943 1464 2008 necfieri
1482 1939 1653 2003 potefl,
1687 1955 1733 1987 ut
1758 1938 1979 2003 Solfitpra
1995 1954 2131 1987 terras

146 2007 280 2074 Impii
293 2009 498 2075 quondam
520 2012 736 2067 homines,
756 2012 983 2079 scupotius
1010 2014 1104 2058 uni·
1159 2011 1332 2060 radians
1358 2044 1373 2066 ,
1410 2012 1463 2058 &⁶
1498 2009 1731 2075 consuetum
1765 2011 1809 2055 in
1843 2007 1936 2054 caelo
1973 2008 2132 2075 cursum

146 2080 321 2146 'versum
352 2079 593 2128 Daemonum
626 2099 757 2146 genus
798 2116 812 2137 ,
847 2083 1105 2145 impiorum..

142 2150 353 2198 hominum
385 2156 535 2213 opera‘,
562 2149 852 2198 venerandum
881 2149 995 2198 illud
1023 2154 1107 2197 im-

143 2220 424 2266 mortalitatis
456 2236 761 2268 monumentum
786 2219 971 2267 tenebris
998 2252 1011 2273 ,
1041 2235 1107 2265 at-

1152 2096 1358 2149 peragens
1372 2113 1387 2135 ,
1413 2083 1544 2127 totius
1556 2082 1725 2146 generis
1740 2079 1913 2125 humani
1933 2081 2131 2126 notitiam

1150 2148 1462 2220 subterfugiat.
1505 2146 1683 2219 Qippe
1717 2148 1970 2196 Servatoris
1988 2149 2132 2197 noflri

1154 2225 1348 2286 potentia
1383 2221 1500 2285 longe
1529 2217 1821 2283 praeft'antiori
1842 2217 1930 2263 luce
1947 2212 2126 2280 resplen-

145 2307 221 2355 que
237 2287 458 2338 oblivione
469 2294 643 2354 penitus
665 2291 902 2338 involvere
934 2290 1108 2338 Hudue-
1163 2291 1265 2339 dens
1294 2311 1306 2349 3
1343 2305 1413 2334 nec
1447 2303 1493 2335 ut
1526 2288 1605 2338 Sol
1634 2301 1830 2352 corpora,
1855 2284 1940 2353 sed
1972 2290 2132 2333 animos·

147 2373 270 2404 rant.
297 2357 446 2414 Illud,
477 2364 674 2427 inquam,
695 2374 1024 2416 monumentum,
1059 2358 1116 2406 ad
1165 2361 1382 2409 hominum
1418 2356 1671 2411 illui't'rans,
1710 2373 1840 2404 totum
1863 2358 1963 2419 jam
2000 2370 2133 2402 terra-

151 2425 261 2492 quod
280 2428 381 2473 olim
409 2427 599 2496 Angelus
628 2449 647 2478 e
678 2430 715 2481 C
719 2431 790 2477 oelo
824 2429 1010 2496 delapsus
1035 2429 1108 2476 ad·
1165 2449 1256 2478 rum
1273 2427 1412 2476 orbem
1438 2428 1575 2476 radiis
1600 2424 1799 2490 implebat
1818 2459 1828 2468 .
1863 2423 1952 2473 Sed
1974 2425 2132 2474 nihilo-

152 2493 346 2543 mirabili
377 2498 464 2546 luce
491 2498 660 2546 radians
678 2534 692 2555 ,
716 2500 872 2564 saxum
903 2501 1108 2549 revolve·
1165 2505 1302 2548 minus
1322 2515 1366 2546 ea
1384 2534 1397 2554 ,
1420 2516 1502 2563 quae
1522 2499 1649 2561 impii
1665 2531 1679 2551 ,
1696 2512 1741 2542 ac
1752 2489 1927 2559 profani
1944 2495 2129 2543 homines

151 2580 217 2613 rat
233 2583 284 2611 ex
311 2568 469 2614 animis
501 2586 634 2615 eorum
662 2602 677 2622 ‚
700 2571 771 2634 qui
797 2574 902 2616 ¹vere
925 2569 1055 2633 saxei
1069 2589 1109 2615 e-

154 2649 280 2688 rant,
310 2638 364 2684 <J
390 2640 461 2701 qui
488 2641 723 2686 viventem
753 2637 979 2685 Chrifium
1006 2640 1113 2684 inter

154 2718 331 2752 mortuos
363 2704 492 2753 adbuc
515 2712 659 2770 jacere
681 2702 1026 2754 arbitrabantur:
1043 2704 1113 2773 fe-

153 2775 276 2822 licem
305 2779 499 2822 nuncium
520 2775 697 2846 afferens
737 2775 982 2823 mulieribus
1012 2810 1027 2831 ,
1061 2779 1114 2825 Θ·

154 2842 470 2892 incredulitatis
517 2846 699 2909 lapidem
741 2863 764 2892 a
803 2845 1009 2893 mentibus
1047 2861 1112 2892 ea-

153 2931 244 2961 rum
269 2931 493 2962 removens
521 2949 535 2970 ,
558 2932 604 2962 ut
632 2919 865 2978 opinionem
894 2915 944 2962 de
968 2917 1114 2967 vita,

156 2987 247 3046 ejus
259 3017 273 3038 ‚
293 2989 362 3050 qui
379 2983 426 3030 ab
442 2984 535 3031 illis
553 2983 802 3051 querebatur
815 3019 829 3040 ‚
849 2985 1088 3034 ads‘lrueret
1100 3022 1110 3031 .

151 3052 275 3102 Hanc
304 3058 440 3120 igitur
447 3053 678 3121 salutarem
697 3055 940 3122 speluncam
958 3088 972 3110 ,
989 3057 1114 3117 impii

138 3173 141 3176 ,
152 3121 323 3180 quidam
350 3158 366 3179 ,
410 3141 456 3170 ac
484 3122 658 3190 profani
690 3126 877 3173 homines
903 3121 1112 3190 funditus

155 3190 318 3239 abolere
348 3197 395 3241 in
422 3197 609 3242 animum
643 3193 904 3242 induxerant
936 3215 949 3252 3
980 3193 1111 3243 stulte

151 3260 368 3309 admodum
395 3268 558 3330 opinati
583 3300 597 3320 ,
621 3266 672 3331 ᾖ
694 3265 769 3312 hoc
800 3263 914 3310 modo
941 3266 1113 3311 ‘verita-

224 3330 424 3382 Par-III.

1162 2570 1368 2618 adversus
1404 2573 1640 2617 veritatem
1668 2566 1898 2613 machinati
1918 2560 2102 2630 fiterant
2115 2600 2130 2620 ,

1162 2642 1282 2706 longo
1319 2643 1520 2702 temporis
1545 2638 1688 2705 spatio
1720 2635 2038 2700 permanserunt
2054 2668 2064 2677 .

1232 2708 1323 2758 Nec
1343 2710 1453 2756 ullus
1478 2728 1530 2756 ex
1549 2702 1793 2769 Prefidibus
1810 2736 1824 2757 ,
1842 2718 1912 2750 aut
1926 2722 1978 2750 ex
1991 2703 2130 2751 Duci-

1165 2777 1257 2835 bus,
1273 2794 1345 2826 aut
1361 2797 1414 2824 ex
1434 2777 1533 2843 ipsts
1549 2777 1677 2823 etiam
1689 2770 1717 2820 I
1720 2771 2014 2836 mperatoribus
2029 2807 2044 2828 ,
2060 2775 2133 2837 qui

1165 2848 1224 2894 ad
1237 2863 1401 2895 tantum
1423 2845 1563 2911 scelus
1581 2843 1858 2891 evertendum
1876 2841 2048 2889 idoneus
2053 2838 2128 2908 fi)-

1166 2932 1230 2963 ret
1245 2951 1259 2971 ,
1287 2920 1494 2962 inventus
1519 2913 1586 2962 eff
1603 2947 1617 2967 ,
1632 2925 1778 2972 preter
1790 2929 1916 2958 unum
1940 2911 2028 2960 Deo
2047 2930 2132 2958 om-

1167 2990 1282 3033 nium
1301 2984 1415 3050 Regi
1426 2981 1740 3047 accepttffimum
1756 2982 2013 3045 Principem.
2033 2979 2135 3055 Qi

1164 3055 1323 3103 divino
1339 3056 1550 3100 animatus
1552 3053 1721 3118 spiritu
1728 3086 1742 3108 ,
1757 3051 2134 3117 citmfiaepramemo-

1163 3139 1301 3171 ratum
1314 3125 1462 3179 locum,
1474 3121 1664 3170 omnibus
1672 3125 1978 3189 purgamentis,
1992 3138 2037 3167 ac
2043 3122 2134 3186 sbr-

1164 3192 1288 3242 dibus
1306 3191 1355 3238 ab
1376 3192 1640 3259 adverfitriis
1640 3190 1945 3259 fraudulenter
1964 3190 2132 3240 obstru-

1165 3264 1276 3314 Hum
1292 3298 1308 3320 ‚
1325 3265 1379 3313 (Τ
1395 3261 1613 3311 oblivioni
1623 3265 1804 3328 penitus
1834 3261 2042 3310 traditum
2061 3261 2135 3327 eſje

1502 3330 1507 3335 ’
1666 3331 1710 3378 Τ
1762 3349 1786 3378 2
1958 3330 2134 3398 indigne
