2378 3674
260 313 329 362 96
660 300 706 347 D
741 298 778 345 E
850 296 883 343 S
918 297 964 343 A
1000 297 1037 344 C
1074 296 1118 347 R
1156 294 1184 343 I
1213 297 1245 343 S

263 374 312 418 in
341 368 511 437 quibus
547 387 636 416 una
666 383 723 414 ex
742 378 873 430 parte
906 365 1054 412 literis
1073 367 1247 413 Graecis

266 438 613 491 Sancliffimum
645 434 821 484 Christi
856 451 1032 486 nomen
1076 431 1245 482 inscul—

265 524 400 577 ptum
416 521 513 558 erat
533 543 550 564 ,
586 519 638 555 ut
658 504 795 554 vides
817 539 829 551 .

334 929 405 973 Ex
435 927 578 975 altera
609 942 768 976 autem
790 927 1123 976 columbarum
1153 921 1250 972 effi-

263 999 384 1065 gies,
416 1015 515 1062 quae
541 995 651 1045 cum
672 1000 796 1065 pacis
825 995 1104 1064 symbolum
1126 992 1246 1051 fint,

264 1086 344 1134 per
360 1068 453 1114 haec
471 1068 836 1136 hieroglyphica
852 1066 1154 1121 denotabant,
1166 1064 1241 1112 de-

262 1136 536 1190 suncstorum
569 1141 744 1186 animas
774 1140 819 1184 in
848 1155 959 1204 pace
994 1135 1052 1183 ad
1076 1136 1243 1182 Domi-

263 1226 378 1255 num
407 1204 606 1256 evolasse
623 1245 638 1265 ,
676 1223 730 1256 ut
756 1226 813 1256 ex
832 1207 1066 1276 Aringhio
1090 1203 1172 1252 lib.
1194 1220 1237 1262 3.

263 1296 363 1344 cap.
391 1296 437 1323 2.
473 1278 636 1345 colligi
669 1280 825 1327 valet.
863 1280 954 1325 His
976 1280 1022 1324 in
1047 1273 1245 1342 capsulis

264 1348 581 1415 Evangeliun]
615 1349 868 1416 S.Joannis
898 1349 945 1394 in
966 1347 1127 1394 charta
1160 1345 1244 1393 de*

263 1415 491 1484 scriptum
512 1420 724 1466 nonnulli
753 1415 985 1465 inclusum
1009 1413 1141 1463 fuisse
1162 1433 1243 1461 au-

265 1501 452 1536 tumant
481 1523 497 1544 ,
546 1502 686 1554 atque
714 1487 825 1536 inde
855 1501 957 1535 tum
983 1501 1250 1552 ternpore),

263 1572 370 1605 tum
388 1558 481 1604 loci
499 1555 732 1622 squallore
750 1594 765 1614 ,
784 1577 836 1605 ac
851 1556 1077 1606 foeditate
1094 1557 1139 1601 in
1156 1555 1255 1621 pul-

265 1645 429 1676 verem
460 1626 653 1675 versum
689 1664 698 1674 .
738 1631 885 1677 Hunc
910 1628 1252 1692 antiquorum-2

264 1696 647 1748 Christianorum
662 1699 812 1745 ritum
832 1694 1074 1745 deferendi
1087 1713 1111 1744 e
1124 1697 1249 1744 collo

263 1767 530 1835 pendulum
574 1769 890 1836 Evangelium
927 1762 1250 1832 descripfimus

263 1841 313 1885 in
342 1835 496 1887 nostro
517 1856 658 1905 opere
697 1840 754 1888 cle
774 1844 937 1889 Veter.
956 1839 1243 1887 Moniment.

265 1921 395 1975 parte
421 1926 460 1955 1.
480 1927 580 1975 cap.
608 1918 684 1957 16.

333 1997 389 2043 y.
428 1996 468 2024 z.
508 1982 616 2026 Duo
650 1981 923 2047 perantiqua
953 1979 1247 2033 Oi·atoria.s‚

266 2064 471 2114 quorum
508 2047 568 2095 ob
593 2049 790 2096 nimiam
840 2049 1118 2097 vetustatem
1151 2066 1248 2095 me-

265 2135 417 2165 moria
434 2119 640 2184 perierat
659 2155 669 2164 .

336 2207 404 2234 aa.
446 2187 736 2254 Sequebatur
752 2189 857 2235 hinc
876 2200 1010 2235 vetus
1025 2182 1247 2243 Ecclesia,

264 2260 311 2306 in
332 2272 423 2306 tres
447 2276 586 2306 naves
604 2258 756 2306 divisa
774 2295 789 2315 ,
807 2272 860 2305 ut
881 2261 999 2305 olim
1015 2276 1115 2305 mos
1136 2256 1246 2315 fuit,

265 2346 316 2374 ac
336 2329 467 2396 argui
483 2328 632 2395 potest
653 2347 711 2377 ex
737 2331 859 2385 illis,
887 2346 999 2394 quas
1029 2329 1076 2374 in
1094 2325 1247 2375 nostro

265 2394 456 2465 praefato
492 2416 632 2463 opere
665 2397 724 2446 de
753 2403 919 2448 Veter.
951 2399 1243 2446 Moniment.

266 2467 578 2532 allegavimus
598 2503 613 2523 ,
653 2464 953 2533 pretiofisqtie
982 2485 1157 2515 novem
1173 2485 1249 2513 co-

265 2538 439 2583 lumnis
461 2538 568 2582 hinc
602 2537 708 2584 inde
738 2534 923 2584 suffulta
941 2573 956 2593 ,
994 2555 1045 2582 ac
1065 2539 1108 2582 S.
1128 2538 1246 2584 Vin-

266 2607 424 2654 centi0
457 2607 669 2671 Martyri
698 2605 914 2654 dedicata
940 2642 950 2651 .
991 2609 1108 2655 Haec
1129 2606 1248 2652 olim

263 2675 612 2726 Monasterium
638 2677 685 2722 in
705 2673 1010 2725 Hierusalem
1046 2673 1249 2723 vocaba-

266 2744 421 2802 tur,de
437 2763 531 2811 quo
548 2743 698 2793 sermo
714 2744 778 2794 est
792 2747 839 2791 in
852 2747 952 2792 vita
968 2746 1134 2793 Leonis
1151 2747 1244 2792 III.

267 2815 349 2864 ubi
379 2813 471 2863 fic:
510 2816 627 2865 Fecit
650 2833 787 2865 autem
819 2817 873 2863 &⁹
889 2820 937 2864 in
966 2814 1246 2864 Monaflerio

266 2886 536 2953 Hieruslzlcm
553 2923 569 2944 ,
605 2887 716 2954 quod
736 2887 915 2953 ponitur
947 2884 1006 2932 ad
1032 2887 1248 2935 Beatum„

266 2957 441 3007 Petrum
461 2958 716 3023 Apostolum
731 2993 746 3014 ‚
774 2958 1013 3006 canistrum
1031 2976 1084 3005 ex
1099 2972 1250 3022 argen-

266 3044 308 3075 το
317 3028 500 3094 pensans
518 3027 662 3077 *libras
693 3028 797 3076 duas
814 3064 824 3074 .
862 3028 1039 3074 Itidem
1066 3028 1113 3073 in
1135 3026 1250 3073 Leo—

267 3114 323 3144 ne
349 3100 439 3145 IV.
458 3098 632 3164 legitur
651 3095 870 3144 fimiliter
889 3117 898 3144 :
937 3097 995 3145 Et
1011 3102 1084 3164 qui
1097 3102 1146 3146 in
1159 3115 1244 3144 ‘ve-

269 3165 451 3216 nerabili
480 3166 762 3217 Monafi'erio
796 3166 1062 3232 Hierusalem
1089 3202 1104 3223 ,
1140 3164 1250 3231 quod

253 3240 394 3299 juxta
411 3236 632 3305 Ecclafiam
663 3239 716 3288 B.
737 3239 859 3286 Petri
888 3238 1094 3302 Apostoli
1114 3240 1243 3300 poni-

266 3301 470 3368 tumsecic
501 3309 672 3356 ‘vestem
690 3308 741 3356 de
757 3306 947 3375 fundato
964 3326 1055 3371 cum
1075 3307 1242 3355 orbicu-

1300 367 1356 414 lis
1385 368 1433 412 in
1470 367 1649 412 circuitu
1693 384 1885 414 ornatam
1928 387 2018 417 cum
2045 368 2154 419 [iffa
2192 370 2283 418 des

1301 435 1574 506 chrysbclavo
1598 454 1688 483 cum
1713 438 1835 484 velis
1850 471 1866 492 ,
1903 442 1959 487 (Τ
1983 445 2166 496 imizjno
2189 439 2285 486 duo-

1302 505 1410 560 bus,
1448 508 1502 554 Φ
1536 505 1588 553 de
1605 501 1795 571 fimdato
1835 507 2003 556 tribus.
2043 507 2283 558 Monaste-

1305 577 1431 622 rium
1464 575 1553 623 hoc
1583 574 1858 623 Grimaldus
1889 610 1904 631 ‚
1953 595 1978 622 a
2007 579 2284 626 Martinello

1306 647 1490 702 citatus,
1517 641 1684 701 asserit,
1700 643 1782 692 sub
1801 646 2075 695 Alexandro
2090 652 2179 698 ΙΙΙ.
2202 649 2285 694 Ec-

1308 711 1497 764 clefiam
1517 718 1561 761 S.
1577 717 1823 763 Vincentii
1844 714 2287 782 appellatamfuiffe3

1310 804 1361 833 ac
1383 802 1502 832 anno
1527 805 1543 831 1
1558 794 1670 844 561.
1692 787 1807 833 novi
1830 785 2023 852 Templi
2055 784 2190 834 causi
2211 805 2287 835 ex—

1311 854 1524 910 cisamssc
1540 855 1596 902 ad
1610 857 1735 902 cellae
1750 857 1936 904 vinariae
1954 856 2089 903 usum
2106 857 2288 919 jamdu-

1309 925 1426 973 dum
1455 924 1722 982 sedanam,
1759 924 2020 975 obliteratis
2055 926 2288 975 vetustate

1300 994 1493 1062 pigraris
1511 1015 1525 1053 3
1544 1009 1727 1043 ornatas
1748 1013 1886 1043 naves
1903 993 2153 1044 fornicatas
2175 997 2288 1043 licet

1296 1062 1505 1131 angustas
1525 1099 1539 1120 ,
1576 1062 1747 1112 ostium
1779 1063 1836 1111 ad
1858 1069 2036 1115 Ortum
2058 1068 2177 1114 Solis
2209 1067 2287 1113 ha-

1297 1133 1441 1182 buiffe
1460 1169 1475 1190 ‚
1509 1151 1567 1181 ex
1585 1133 1752 1199 quibus
1772 1134 1970 1192 decem,
2005 1137 2055 1185 ὃς
2078 1137 2186 1184 οξὶο
2214 1154 2288 1184 co-

1297 1208 1468 1254 lumnae
1488 1204 1675 1269 integrae
1695 1207 1942 1253 marmoris
1963 1207 2175 1254 Glareati
2204 1223 2283 1255 20.

1297 1273 1391 1324 fere
1420 1274 1687 1342 palmorum
1704 1273 1899 1323 fuerunt
1916 1291 2108 1343 repertae
2127 1314 2137 1323 .
2161 1275 2284 1324 Post-

1301 1345 1503 1393 modum
1527 1343 1641 1392 vero
1661 1346 1935 1412 Collegium
1957 1345 2104 1395 evasit
2122 1383 2137 1404 ,
2167 1365 2218 1393 ac
2239 1348 2287 1393 in

1301 1415 1590 1466 eaCanonici
1611 1431 1720 1460 cum
1734 1414 2286 1482 Archipresbytero(11o11

1304 1501 1466 1534 tamen
1506 1483 1793 1547 Cardinali)
1842 1484 2284 1534 commorabantur.

1306 1556 1494 1606 Deinde
1535 1555 1761 1602 Nicolaus
1798 1559 1860 1604 V.
1893 1555 2005 1603 hanc
2036 1553 2287 1623 suppreffit

1310 1626 1664 1693 Collegiatam‚
1694 1622 1911 1690 illiusque
1937 1622 2114 1675 frueius
2148 1628 2283 1692 Capi.

1308 1698 1408 1744 tulo
1427 1731 1447 1753 2
1478 1697 1527 1745 ὅ(
1546 1695 1796 1744 Canonicis
1815 1695 2057 1744 Vaticanae
2082 1692 2286 1743 Bafilicae

1302 1768 1460 1816 univit
1482 1802 1492 1811 .
1531 1766 1671 1811 Plura
1706 1764 1763 1812 de
1790 1765 1874 1811 hac
1890 1763 2092 1814 Ecclefia
2125 1764 2286 1812 scribit

1300 1840 1561 1887 Severanus
1584 1832 1642 1881 de
1668 1830 1848 1901 septem
1869 1834 2018 1888 Urbis
2037 1833 2281 1892 Ecclefiis,

1299 1907 1355 1955 ad
1377 1923 1518 1972 quem
1540 1904 1788 1954 Lecsiorem
1812 1907 2006 1954 remitto
2027 1943 2036 1952 .

1368 1975 1446 2024 bb.
1488 1974 1676 2021 Gradus
1690 2010 1704 2031 ‚
1739 1993 1821 2041 per
1840 1993 1953 2040 quos
1973 1975 2031 2022 ad
2050 1976 2281 2022 Palatium

1299 2043 1607 2096 Pontificium
1639 2042 2002 2094 ascendebatur.

1371 2135 1437 2165 cc.
1477 2116 1764 2165 Oratorium
1796 2118 1837 2162 S.
1859 2115 2082 2181 Gregorii
2111 2113 2168 2162 de
2197 2114 2280 2161 Pa-

1303 2191 1418 2238 latio
1439 2186 1758 2253 appellatum,
1786 2186 1833 2229 in
1853 2202 1945 2249 quo
1972 2201 2136 2250 corpus
2163 2182 2280 2245 ejus-

1301 2261 1412 2308 dem
1428 2255 1579 2304 Sanffld
1598 2274 1620 2300 a
1636 2255 2160 2319 Greg.IV.translatum
2172 2251 2279 2301 fuit.

1372 2327 1450 2374 dd.
1490 2325 1820 2379 Secretarium,
1840 2322 1920 2369 ubi
1939 2324 2058 2370 olim
2075 2326 2281 2370 Romani

1299 2392 1547 2447 Pontifices
1566 2429 1581 2450 ,
1620 2393 1731 2440 dum
1753 2411 1777 2441 e
1799 2393 2025 2441 Laterano
2043 2392 2102 2439 ad
2119 2393 2281 2441 Eccle-

1299 2466 1412 2516 fiam
1443 2464 1597 2511 SanRi
1620 2463 1743 2510 Petri
1775 2461 2094 2518 accedebant,
2131 2461 2280 2510 Vestes

1300 2532 1565 2584 Pontificias
1598 2532 1656 2579 ad
1684 2532 1845 2580 divina
1874 2531 2137 2600 peragenda
2164 2529 2280 2579 affu-

1303 2622 1432 2654 mere
1453 2601 1662 2651 solebant
1681 2638 1692 2648 .

1371 2693 1438 2724 ee.
1483 2672 1782 2723 Vestibulum
1799 2675 2064 2731 Secretarii,
2082 2671 2163 2720 ubi
2181 2671 2280 2737 plu*

1299 2763 1369 2792 res
1402 2741 1647 2791 Pontifices
1672 2741 1842 2810 sepulti
1871 2743 2085 2805 jacuere.
2127 2744 2278 2789 Nom,

1303 2816 1467 2883 procul
1497 2812 1552 2861 ab
1570 2813 1776 2861 hocloco
1793 2812 1870 2861 die
1895 2832 1973 2873 29.
1993 2809 2280 2880 Septembris
2303 2850 2305 2853 ,

1304 2886 1531 2953 praeteriti
1560 2885 1668 2930 anni
1694 2888 1839 2942 1689.
1864 2883 1971 2930 cum
1991 2884 2056 2930 ibi
2074 2896 2277 2930 morare-

1304 2969 1381 3003 tur
1415 2972 1576 3002 currus
1612 2950 1980 3001 Eminentiffimi
2014 2949 2278 3003 Carditialis

1303 3024 1360 3073 de
1380 3026 1598 3080 [ειη-κει,
1636 3025 1782 3071 Mulae
1813 3036 1988 3072 terram
2016 3019 2279 3089 percutien-

1299 3095 1360 3143 do
1376 3131 1391 3152 ‚
1421 3093 1608 3143 foveam
1637 3106 1942 3161 aperuerunt,
1978 3093 2024 3136 in
2042 3105 2132 3153 qua
2155 3104 2276 3133 mar-

1299 3182 1486 3213 moreus
1503 3176 1601 3211 erat
1626 3160 1929 3230 sarcophagus
1944 3194 1961 3216 ,
1996 3159 2077 3224 qui
2095 3154 2275 3205 effossus

1299 3232 1641 3299 infrascriptam
1661 3230 2023 3297 Inscriptionern
2039 3228 2187 3277 oculis
2204 3229 2274 3274 in-

1301 3306 1540 3354 tuentium
1561 3302 1794 3358 ostendit,
1830 3296 2087 3351 videlicet:
2199 3367 2239 3415 F

2236 3387 2276 3414 0„
