2378 3674
238 300 293 327 10
580 279 695 327 De
787 272 1184 324 §Acriis

227 342 387 396 Phocae
405 386 420 407 ,
455 348 669 399 Heraclii
683 382 700 401 ,
736 346 814 408 qui
848 340 930 390 etli
958 344 1100 410 longo
1137 343 1208 388 in-

228 417 433 468 tervallo
451 415 669 481 disjuiieti
688 449 701 470 ,
720 410 965 461 Basilicam
980 413 1098 460 hane
1119 410 1207 459 do-

213 489 367 539 nariis
382 522 395 543 ‚
413 492 462 540 ὃς
483 481 796 535 oblationibus
815 484 1176 552 quamplurimis
1194 517 1209 540 ,

232 562 404 628 pietate
421 550 700 611 Christiana,
719 554 767 603 ὅ(
789 554 1002 622 Augusta
1020 551 1209 602 munifi·

229 625 380 681 centissi‘
397 628 550 696 dignis
568 625 959 687 comulaverunt3
992 621 1208 674 diverfis-

233 717 322 768 (lue
348 732 362 752 ,
397 714 475 747 aut
507 712 743 744 novorum
774 693 1096 745 AEdificiorum
1125 712 1208 743 ex-

230 768 539 820 trudiionibus
555 802 570 823 ‚
586 779 667 814 aut
681 779 790 815 vete
799 784 903 817 rum
923 765 1214 824 instauratio-

230 838 367 890 nibus
386 857 467 909 pro
502 851 774 904 temporum
809 840 1040 886 varietate
1078 853 1214 884 orna-

230 925 339 960 runt
356 949 371 970 ,
388 924 441 958 ut
460 905 673 976 expresse
694 905 924 957 indicavit
942 905 1126 974 Xystus
1150 909 1213 954 V.

231 983 363 1029 Pont.
379 984 512 1030 Max.
534 981 581 1026 in
597 975 676 1025 sua
698 976 954 1026 Constitut.
985 980 1033 1024 in
1054 977 1214 1025 Bulla-

232 1055 301 1101 rio
320 1069 452 1099 num.
475 1064 552 1108 37.
581 1066 680 1116 quae
719 1049 913 1116 incipit:
947 1047 1217 1106 Laudemus,

232 1126 321 1174 ἃς.
345 1120 477 1190 super
490 1116 1058 1168 eisdemNumismatibus
1075 1117 1217 1167 edita.

302 1193 596 1240 peculiarem
616 1188 825 1252 ejusdem
844 1191 1018 1239 veteris
1052 1190 1217 1239 Eccle-

232 1262 303 1312 siae
339 1260 701 1327 descriptionem
719 1262 985 1309 omittimus
1003 1297 1019 1318 ,
1054 1258 1164 1308 cum
1197 1278 1222 1308 a

233 1335 411 1383 recenti
429 1329 763 1380 restauratione
781 1328 837 1378 ab
855 1333 1126 1381 Innocentio
1140 1331 1225 1378 Pa-

234 1423 291 1479 pa
309 1409 373 1455 X.
389 1400 511 1452 fas&
527 1438 542 1460 ‚
565 1403 814 1450 immutata
833 1399 889 1449 fit
907 1438 924 1460 ,
961 1416 1014 1450 ut
1029 1404 1226 1467 antiquae

232 1474 371 1523 faciei
393 1474 579 1522 nullum
596 1486 810 1541 appareat
827 1472 1082 1540 vestigium
1105 1509 1115 1519 .
1137 1476 1228 1520 Re-

236 1544 408 1593 cordor
429 1557 586 1592 tame-n
604 1581 620 1602 ,
657 1540 771 1592 cum
790 1543 942 1592 adhuc
960 1541 1228 1592 adolescens

234 1610 395 1671 essem,
411 1632 487 1664 me
508 1614 640 1662 illam
654 1613 711 1663 ad
734 1613 931 1664 eandem
951 1611 1232 1662 similitudi-

234 1702 344 1734 nem
362 1719 379 1741 ,
396 1686 445 1735 ὃ(
458 1680 662 1733 formam
679 1679 864 1742 vidisse,
885 1696 938 1730 ut
955 1684 1012 1732 ad
1036 1681 1232 1751 praesens

235 1751 408 1803 visitur
425 1752 631 1804 Ecclesia
650 1757 702 1802 Β.
723 1755 881 1810 Pauli,
901 1771 1011 1801 cum
1029 1756 1238 1821 quinque

235 1822 541 1873 interioribus
559 1823 849 1891 porticibus,
866 1820 992 1882 five,
1011 1837 1064 1871 ut
1088 1823 1238 1890 vulgo

236 1895 552 1961 appellantur,
568 1893 770 1943 navibus
793 1926 808 1948 ,
824 1908 1024 1955 quarum
1043 1890 1201 1940 media
1218 1927 1235 1950 ,

238 1961 337 2013 five
372 1966 543 2024 major,
559 1962 740 2027 magnis
770 1977 828 2008 ex
847 1960 1074 2027 AEgyptio
1110 1978 1235 2009 mar-

239 2049 373 2081 more
391 2032 626 2084 columnis
646 2028 864 2079 distimsta
883 2040 1015 2088 erat,
1044 2033 1240 2098 reliquae

240 2104 358 2151 vero
377 2114 580 2167 quatuor·
611 2119 672 2150 ex
690 2097 929 2149 Charistio
947 2135 963 2157 ,
1002 2099 1100 2151 five
1124 2102 1240 2150 viri-

240 2172 290 2221 di
328 2187 562 2219 marmore
582 2206 598 2228 ,
634 2170 763 2236 quod
796 2168 938 2218 hodie
973 2171 1020 2218 in
1051 2176 1238 2242 Magno

240 2240 440 2292 habetur
458 2242 612 2308 pretio
626 2275 642 2298 ,
655 2259 707 2288 ac
724 2258 781 2290 ex
801 2241 892 2288 illis
908 2243 1146 2291 nonnulla?
1164 2260 1240 2291 ex·-

243 2314 401 2381 politae
417 2347 433 2369 ,
468 2308 662 2360 fuerunt
694 2309 852 2378 positae
885 2312 932 2357 in
966 2312 1060 2360 illis
1089 2313 1236 2361 thecis

242 2377 590 2438 statuariis,five
608 2382 957 2438 loculamentis,
975 2400 1075 2448 quae
1094 2384 1141 2430 in
1160 2402 1233 2432 ea-

243 2451 355 2500 dem
372 2468 539 2517 magna
558 2452 746 2516 porticu
775 2449 832 2497 ad
851 2465 1069 2501 ornatum
1087 2450 1236 2505 fabre-

242 2515 373 2579 'faftae
390 2517 521 2568 fuere
536 2555 553 2577 ,
568 2537 763 2585 quaeque
774 2519 1006 2570 colum‘nae
1020 2541 1238 2591 magnam

244 2585 546 2659 praeseferunt
574 2589 987 2656 pulchritudinem
1005 2628 1016 2638 .

320 2663 397 2708 Ne
415 2657 595 2708 diutius
613 2656 762 2708 modo
780 2658 1064 2727 divagemur
1079 2698 1095 2719 ‚
1115 2664 1235 2711 ratio

248 2730 399 2798 exigit
416 2764 430 2786 ,
469 2738 523 2775 ut
552 2727 611 2780 ad
629 2727 880 2798 singulares
895 2729 1109 2780 Ecclesiae
1130 2751 1235 2801 par·

248 2813 315 2848 tes
333 2817 413 2847 nos
432 2810 786 2859 convertamus3
801 2802 850 2850 ὃ(
867 2803 1092 2867 quoniam
1122 2822 1146 2850 a
1173 2802 1243 2851 di-

251 2870 404 2936 gniori
423 2903 437 2923 ,
474 2865 793 2934 nobiliorique
827 2872 933 2920 loco
964 2870 1148 2940 semper
1175 2872 1241 2922 est

254 2935 570 2989 inchoandum
590 2973 605 2994 ,
642 2937 699 2986 ab
717 2936 926 3001 ejusdem
947 2940 1163 2992 Ecclesiae
1177 2942 1239 2991 fa-

254 3010 325 3056 cie
344 3043 359 3064 ,
372 3024 469 3071 quae
487 3009 741 3058 Orientem
763 3009 971 3078 respicit,
988 3012 1071 3061 ubi
1090 3010 1245 3083 Regia

256 3078 321 3126 est
337 3082 472 3140 janua
489 3113 505 3135 ,
537 3078 728 3127 initium
762 3080 1018 3130 sumimus.

340 3149 500 3210 Hujus
529 3147 743 3198 Ecclesiae
772 3148 909 3201 facies
943 3155 1093 3219 qualis
1123 3156 1246 3202 anti-

261 3215 419 3281 quitus
435 3214 579 3266 fuerit
592 3254 608 3276 ,
636 3220 817 3286 penitus
853 3225 990 3280 latet,
1026 3227 1246 3291 quamvis

261 3302 453 3333 omnem
467 3305 625 3338 curam
631 3309 730 3349 ,om
737 3309 933 3361 nemque
946 3291 1247 3345 sedulitatem

1283 270 1353 321 Aa
1390 272 1435 318 A)
1472 270 1499 319 Ι
1530 271 1569 320 F
1599 271 1626 319 Ι
1656 275 1693 322 C
1730 273 1757 323 I
1790 272 1818 322 I
1847 273 1879 323 S

1260 339 1317 387 ad
1347 341 1480 387 illam
1501 338 1824 406 expiscandam
1854 342 2207 392 adhibuerimus
2225 382 2237 403 ¹.

1262 407 1367 458 Post
1399 411 1646 458 nonnullos
1680 411 1867 461 tandem
1896 431 2034 462 annos
2064 449 2079 471 ‚
2126 431 2239 480 prae-

1263 494 1332 529 ter
1351 478 1477 547 spem
1495 515 1510 537 ,
1543 498 1594 527 ac
1612 481 1848 546 inopinate
1867 480 1949 530 sub
1971 485 2134 533 oculos
2160 500 2242 531 ve-

1262 552 1333 599 nit
1351 552 1546 599 Martini
1569 555 1630 600 V.
1659 552 1847 598 Summi
1879 552 2112 603 Pontificis
2140 555 2245 601 Nu-

1263 622 1431 669 misma
1451 640 1476 669 a
1507 624 1566 668 R.
1585 623 1631 668 P.
1653 620 1860 670 Claudio
1886 619 1952 668 du
1968 625 2179 674 Molinet*
2201 625 2249 670 in

1264 691 1341 740 sua
1351 690 1561 741 Historia
1575 689 1935 740 Numismatum
1947 693 2253 743 Sum-morum

1267 761 1550 810 Pontificum
1567 763 1770 811 relatum
1791 798 1801 809 .
1835 766 1892 811 In
1909 762 1997 811 hoc
2017 761 2156 830 ipsius
2171 765 2254 810 Ec·-

1249 829 1414 885 .clefiae
1431 831 1570 880 facies
1603 845 1791 898 apparet
1806 868 1822 891 ,
1844 850 1936 881 non
1956 830 2210 899 antiquitus
2229 851 2254 879 a

1269 899 1579 952 Constantino
1599 906 1890 968 Imperatore
1923 902 2226 952 constructa..
2240 938 2256 960 ,

1270 971 1348 1021 sed
1377 990 1477 1039 quae
1504 1008 1521 1031 ,
1559 986 1611 1020 ut
1651 968 1803 1020 asserit
1835 974 2057 1041 Ugonius
2084 992 2132 1022 m
2165 972 2256 1020 suis

1271 1046 1384 1090 Stat.
1406 1040 1527 1095 Urb.
1552 1078 1568 1100 ,
1599 1061 1623 1089 a
1652 1044 1856 1091 Nicolao
1878 1047 1970 1092 lV·
1999 1045 2258 1091 Sum.P0n-

1272 1111 1396 1161 tifice
1413 1130 1439 1158 a
1453 1109 1769 1162 fundamentis
1799 1114 2001 1161 excitata
2016 1148 2031 1170 ,
2052 1111 2255 1161 musivo-

1273 1195 1362 1251 que'
1381 1200 1522 1251 opere
1542 1200 1652 1230 cum
1669 1182 1848 1249 adjec‘ta
1865 1185 2054 1234 Porticu
2072 1179 2167 1231 fuit
2184 1200 2262 1230 or-

1277 1267 1381 1304 nata
1402 1290 1413 1300 .
1438 1254 1571 1302 Illius
1588 1249 1759 1301 faciem
1775 1254 2084 1302 nihilominus
2101 1250 2264 1302 afferre

1273 1325 1513 1381 ducimus,
1531 1336 1583 1371 ut
1604 1321 1811 1372 curiosus
1829 1324 2000 1375 Lestor
2015 1326 2161 1392 magis
2177 1320 2264 1372 fibi
2337 1339 2362 1382 ’ᾗ

1278 1395 1520 1462 indulgere
1538 1395 1697 1443 valeat
1717 1430 1728 1442 .

1357 2311 1692 2361 Recentiorem
1706 2314 1824 2364 ver&
1838 2313 2049 2378 ejusdem
2062 2309 2275 2361 Ecclefiae

1285 2377 1473 2438 faciem,
1491 2397 1632 2450 prout
1643 2383 1702 2431 ad
1719 2383 1909 2452 praesens
1927 2382 2110 2439 visitur,
2125 2382 2276 2431 osten-

1289 2448 1445 2499 dimus
1457 2454 1503 2500 in
1516 2470 1690 2501 annexa
1707 2453 1896 2512 Tabula
1910 2459 1947 2503 Ι.
1963 2459 2094 2517 cujus
2109 2450 2278 2501 descri-

1290 2520 1389 2586 ptio
1418 2518 1610 2588 sequens
1640 2522 1720 2573 est.
1755 2523 1966 2574 Porticus
1991 2523 2278 2592 contignatio

1289 2586 1368 2637 sex
1387 2595 1564 2662 magnis
1595 2595 1830 2644 columnis
1850 2597 2101 2652 innititur,
2132 2590 2279 2640 tribus

1291 2663 1433 2727 puris,
1453 2663 1749 2732 totidemque
1767 2665 1950 2723 striatis,
1973 2683 2083 2714 cum
2102 2663 2280 2728 capitu-

1293 2731 1348 2777 lis
1368 2735 1572 2782 Doricis.
1594 2740 1641 2784 A
1659 2734 1836 2785 sinistro
1850 2737 1995 2785 latere
2014 2732 2279 2802 ingredien-

1294 2802 1417 2850 tium
1435 2802 1572 2853 crassa
1603 2824 1627 2854 e
1656 2824 1894 2856 marmore
1936 2806 2155 2875 parastata
2187 2797 2251 2848 est
2264 2835 2283 2858 ,

1291 2889 1431 2936 quam
1449 2889 1539 2924 tres
1555 2877 1634 2924 alii
1656 2877 2070 2945 sequunturarcuS,
2092 2868 2276 2922 duabus

1288 2944 1547 2994 minoribus
1569 2943 1745 2996 suffulti
1766 2949 1998 3010 columnis
2015 2981 2030 3002 ,
2068 2955 2211 3011 prout
2230 2941 2276 2987 in

1299 3015 1464 3063 eadem
1483 3018 1860 3086 Orthog1·aphica
1883 3014 2064 3065 Tabula
2085 3012 2282 3060 demon-

1299 3085 1478 3133 stratur.
1498 3086 1825 3154 Peristylium,
1837 3089 1885 3137 &
1900 3090 2086 3136 Corona
2101 3100 2124 3131 e
2145 3081 2280 3128 Pario

1302 3173 1540 3205 marmore
1557 3155 1938 3226 sunt.Zophorus
1955 3152 2070 3203 vero
2091 3150 2157 3199 sat
2187 3152 2282 3199 ele—

1298 3240 1459 3293 ganter
1475 3225 1658 3276 tessellis
1677 3228 1946 3294 compassus
1960 3262 1976 3283 ‚
1994 3226 2040 3272 in
2056 3221 2283 3291 quasdam

1299 3298 1490 3355 areolas,
1507 3295 1602 3346 five
1618 3299 1807 3346 lacunas
1823 3294 2147 3367 distinguitur,
2162 3294 2282 3339 inter

2174 3376 2286 3429 quas
