2378 3674
768 253 1267 305 CAPUT

108 325 266 374 scribit
283 326 517 373 Smitheus
549 324 594 368 in
623 321 803 371 Histor.
823 321 1080 372 Ecclesiast-

108 395 164 442 de
184 395 336 444 Gestis
364 395 631 461 Anglorum
658 391 740 439 lib.
765 412 808 439 2.
829 412 928 460 cap.
948 401 996 443 6‘.

175 484 224 524 9.
263 467 393 512 Huic
420 464 553 511 altari
575 481 601 508 a
627 460 815 509 sinistris
850 464 981 511 aliud
1012 480 1084 510 re-

106 532 365 601 spondebat
408 571 424 593 ,
495 533 866 601 pulcherrimum
915 535 1040 581 certe
1070 569 1084 590 ,

46 631 47 634 ¹
104 607 153 653 ὃ(
172 601 523 671 sumptuosum,
559 603 633 650 cui
659 598 748 649 offa
777 600 1085 650 Sacratiffima

106 672 447 740 Apostolorum
466 675 588 721 Petri
608 708 623 729 ,
660 672 709 719 &
742 672 871 718 Pauli
908 690 1083 720 nomen

104 741 255 793 fecere
273 780 289 801 ,
325 763 424 810 quae
444 763 467 790 a
486 745 630 789 Beato
661 741 907 805 Sylvestro
938 744 982 788 in
1002 744 1086 788 Ec-

106 810 250 862 clesiae
280 812 659 866 coniectatione,
697 810 867 859 eodem
902 811 1087 879 prorsus

108 887 210 933 loco
237 881 370 950 supra
390 880 598 949 lapidem
625 899 649 929 e
667 881 952 947 Porphyrite
971 900 1082 948 qua·-

105 954 434 1020 drangularem
452 949 516 998 ibi
543 948 854 1010 asservatum,
891 952 1084 1001 divisa-⁴

102 1019 233 1071 fuiffe
252 1021 375 1069 fama
395 1020 459 1070 est
475 1058 485 1068 .
525 1021 649 1070 Cum
667 1024 794 1070 enim
816 1024 861 1069 in
881 1021 1083 1072 Basilica?

103 1091 446 1141 consecratione
463 1092 642 1139 B.Petri
660 1089 782 1140 sacra
799 1089 889 1140 ossa
907 1092 962 1140 ab
979 1093 1083 1141 offi-

50 1172 52 1174 ’
104 1163 188 1211 bus
220 1160 493 1229 Coapostoli
512 1161 641 1209 Pauli
672 1161 890 1230 distingui
925 1166 1081 1213 neuti-

102 1250 242 1300 quam
261 1229 441 1299 poffent
457 1267 473 1288 ,
495 1231 671 1282 indicto
687 1236 866 1295 jejunio
883 1269 898 1290 ‚
917 1235 964 1282 ὃ(
983 1252 1085 1281 ora-

101 1306 230 1351 tione
249 1337 264 1359 ,
284 1303 460 1350 caelitus
477 1302 748 1369 responsum
765 1302 855 1350 fuit
870 1338 885 1359 ,
907 1310 1084 1366 majora

103 1371 189 1424 effe
208 1369 298 1421 ossa
317 1373 661 1431 Praedicatoris,
680 1374 864 1421 minora
882 1373 996 1422 vero
1011 1376 1082 1420 Pi-

102 1444 289 1493 scatoris
309 1479 320 1488 .
357 1446 516 1509 Atque
534 1444 598 1489 ita
616 1442 718 1491 sanc}
737 1440 925 1491 seorsim
952 1464 976 1491 a
996 1441 1086 1491 sese

103 1513 273 1563 mutuo
293 1509 384 1561 offa
415 1509 617 1579 separata
632 1512 759 1561 luere
776 1549 791 1569 ,
831 1511 1012 1579 suisque
1039 1516 1085 1561 in

102 1581 319 1633 Ecclefiis
337 1579 481 1650 posita
495 1618 504 1627 .
522 1584 593 1629 Ita
612 1580 980 1650 scr-ibitJoaiines
1000 1587 1084 1633 Be·

104 1655 217 1704 leth.
234 1655 280 1699 in
297 1653 515 1719 explicat.
532 1651 846 1703 Divin.Offic.
861 1673 960 1720 cap.
975 1675 990 1703 1
1006 1669 1027 1708 3
1040 1661 1084 1704 8.

176 1725 313 1793 Lapis
331 1737 488 1785 autem
509 1720 606 1778 iste,
622 1724 666 1768 in
682 1725 869 1772 Veteris
886 1723 1086 1773 Balilicae

104 1794 420 1843 demolitione
442 1791 608 1858 aJulio
631 1795 691 1839 II.
711 1791 828 1840 facta
844 1828 858 1848 ,
888 1794 945 1840 ad
967 1793 1085 1854 ejus-

105 1864 213 1913 dem
236 1859 439 1910 Bafilicae
470 1861 643 1909 calcem
673 1897 687 1919 ,
727 1879 869 1929 prope
898 1864 1085 1910 Portam

105 1935 318 1982 Sanctam
336 1968 350 1990 ‚
368 1931 615 1978 translatus
635 1929 725 1978 fuit
742 1968 755 1988 ‚
775 1947 827 1979 ut
846 1934 1007 1983 videre
1026 1934 1090 1981 est

102 2007 154 2054 in
172 2001 293 2051 Tab.
319 2005 484 2053 XVII.
507 2000 590 2048 sub
608 2002 677 2048 lit.
699 2006 758 2050 D.
779 2002 912 2050 Idem
936 2004 1089 2069 postea

103 2077 219 2142 lapis
237 2071 371 2120 sacris
392 2074 437 2118 in
452 2073 651 2138 Cryptis
684 2071 775 2120 fuit
806 2073 1061 2121 collocatus
1078 2110 1088 2122 .

104 2147 323 2209 Denique
343 2146 482 2190 Anno
517 2151 658 2199 1639.
689 2141 953 2202 Franciscus
978 2148 1090 2192 Car-

105 2216 274 2264 dinalis
312 2210 587 2260 Barberinus
629 2210 837 2274 ejusdem
887 2210 1088 2261 Basilicae

105 2281 511 2352 Archipresbyter
556 2284 802 2330 §acrarum
838 2285 1089 2332 memoria-

105 2371 212 2402 rum
246 2354 446 2420 diligens
472 2350 822 2419 perscrutator,
861 2373 912 2401 ac
932 2351 1086 2402 serva-

107 2438 184 2471 tor
200 2458 215 2480 ,
254 2423 456 2488 lapidem
486 2428 604 2470 hunc
634 2441 658 2471 e
692 2426 894 2490 Cryptis
928 2425 972 2468 in
1007 2442 1088 2472 no-

110 2511 219 2540 vam
243 2489 485 2538 Basilicam
513 2489 768 2559 asportari,
806 2513 856 2540 ac
889 2493 1087 2561 parasta—

110 2578 185 2618 τρε,
204 2561 260 2608 ad
279 2559 518 2610 dexteram
536 2564 903 2629 ingredientium
925 2600 938 2619 ,
957 2561 1085 2631 affigi

109 2630 221 2681 fecit
239 2666 253 2687 ,
291 2628 371 2676 ubi
392 2632 436 2676 in
456 2632 691 2697 praesentia
708 2651 835 2698 aquae
854 2632 1053 2681 lustralis
1071 2669 1086 2690 ,

110 2700 207 2750 five
229 2697 481 2748 benedictae
499 2718 579 2747 vas
594 2699 796 2767 positum
819 2701 882 2750 est
901 2739 910 2748 .
931 2706 1089 2765 Hujus

110 2770 426 2820 translationis
454 2782 667 2835 tempore
698 2807 713 2827 ,
765 2774 810 2818 in
842 2772 1090 2838 quodcum

109 2839 319 2905 ejusdem
340 2841 584 2884 marmoris
621 2840 776 2889 loculo
803 2878 818 2898 ,
857 2844 1090 2891 nonnullae

108 2911 319 2976 reliquiae
337 2925 447 2956 cum
463 2905 646 2955 duobus
664 2910 835 2958 incensi
850 2914 1002 2977 granis
1017 2915 1088 2959 in-

109 2979 246 3030 clusae
264 3015 279 3035 ,
318 2991 509 3046 repertae
526 2976 657 3026 fuere
678 3015 693 3035 ,
728 2997 836 3044 quas
854 2999 908 3028 ex
923 2980 1092 3030 offibus

113 3054 190 3099 SS.
210 3046 547 3116 Apostolorum
578 3050 701 3096 Petri
733 3051 780 3098 &
803 3051 929 3097 Pauli
965 3087 981 3107 ,
1037 3071 1089 3098 ac

113 3123 157 3169 S.
178 3115 407 3187 Sylvestri
435 3114 566 3168 fuisse
595 3121 805 3167 nonnulli
834 3119 1091 3186 putarunt3

113 3203 166 3237 ut
198 3201 354 3237 narrat
388 3187 602 3237 laudatus
629 3190 882 3258 Turrigius
918 3192 966 3236 in
999 3189 1090 3237 suis

109 3259 259 3326 Trop.
277 3262 415 3307 Rom.
436 3277 533 3327 cap.
558 3279 580 3306 2
594 3275 636 3318 3.

1309 309 1313 317 .
1368 251 1396 300 Ῑ
1424 253 1475 303 V·
2055 270 2112 313 53

1209 326 1262 371 In
1280 322 1507 369 honorem
1527 317 1696 369 deinde
1715 319 1968 367 amborum
1988 325 2115 388 Apo-

1137 391 1358 439 stolorum
1379 391 1506 439 idem
1522 392 1665 438 altare
1684 389 1886 439 restituit
1902 425 1917 445 ,
1954 408 2004 438 ac
2018 394 2112 440 ele·

1136 459 1401 528 gantiffimt}
1436 463 1624 508 ornavit
1651 496 1667 517 ,
1703 457 2116 526 ampliss‘imisquffi

1137 528 1400 579 redditibus
1419 532 1549 578 auxit
1564 565 1579 587 ,
1608 527 1757 578 tribus
1772 530 1969 580 Clericis
1992 529 2117 577 insti-

1138 602 1249 648 tutis
1270 636 1285 658 ,
1323 602 1402 665 qui
1437 602 1598 650 Clioro
1625 603 1827 667 jugiter,
1865 597 2119 665 seduloque

1139 669 1436 727 inservirent,
1454 669 1720 718 Franciscus
1739 674 1781 717 S.
1799 673 1857 717 R.
1875 670 1926 715 Ε.
1948 670 2119 718 Cardi-

1142 742 1256 788 nalis
1278 738 1335 788 de
1354 739 1679 787 Tibaldeschis
1695 742 1766 787 tit.
1787 736 2029 797 S.Sabina³,
2042 756 2117 787 cu-

1141 823 1210 881 jus
1228 811 1402 859 cineres
1422 807 1836 879 propiusjacebant
1855 826 1964 857 cum
1978 814 2118 871 majo·-

1141 899 1247 935 rum
1266 879 1455 929 suorum
1473 878 1705 928 cineribus
1725 915 1741 937 ,
1770 881 1890 927 inter
1904 897 2018 945 quos
2036 897 2119 946 po-

1137 947 1363 1003 tiffimum
1388 948 1814 998 fratrisTheobaldi
1835 949 2116 999 Cardinalis.

1207 1021 1543 1070 Venerabilem
1579 1021 1695 1068 hanc
1720 1023 1869 1067 Aram
1905 1019 2120 1067 reddide-

1139 1105 1239 1144 rant
1256 1091 1503 1157 privilegia
1523 1086 1946 1157 septemAltaribus
1962 1109 1986 1135 a
2004 1090 2118 1136 Pon—

1139 1161 1344 1213 tificibus
1363 1162 1591 1209 Maximis
1610 1161 1847 1226 impertita
1868 1194 1879 1205 .
1919 1160 2036 1225 Qiae
2066 1175 2118 1205 o·-

1139 1238 1223 1283 lim
1257 1228 1521 1292 hujusmodi
1541 1228 1804 1295 gaudebant
1829 1229 2119 1295 privilegiis,

1140 1317 1305 1373 praeter
1331 1302 1418 1347 hoc
1447 1312 1792 1354 memoratum,
1829 1311 1957 1344 erant
1983 1299 2120 1344 Alta-

1139 1393 1188 1423 re
1207 1376 1251 1420 S.
1272 1371 1438 1418 Leonis
1457 1369 1586 1435 Papa?
1602 1404 1617 1424 ‚
1637 1368 1842 1423 Sanctor.
1861 1364 2054 1414 Processi
2073 1368 2122 1415 &

1139 1441 1419 1494 Martiniani
1437 1442 1735 1504 Martyrum,
1759 1440 1807 1483 B.
1829 1438 1993 1484 Mariae
2017 1438 2124 1484 Vir-

1138 1512 1505 1582 ginisGreg.III.
1523 1506 1679 1575 postea
1697 1508 1953 1555 Innocentii
1981 1509 2119 1556 VIII.

1141 1583 1498 1633 denominatum
1517 1614 1532 1635 ,
1566 1580 1641 1625 SS.
1672 1577 1856 1625 Sudarii
1875 1612 1890 1634 ,
1924 1577 2124 1625 Altare,

1141 1658 1447 1703 Mort'iorum
1459 1648 1768 1716 appellatum,
1783 1653 1915 1709 juxta
1939 1660 2124 1714 portam

1142 1728 1460 1791 Argenteam3
1492 1719 1759 1786 Septimum
1789 1716 1990 1782 denique
2021 1716 2123 1782 Spi-

1142 1797 1255 1841 ritus
1275 1790 1426 1839 Sancffi
1451 1825 1465 1845 ,
1500 1786 1628 1854 quod
1665 1789 1712 1834 in
1731 1804 1900 1835 nomen
1929 1784 2126 1853 postea„

1143 1868 1185 1910 S.
1206 1866 1352 1908 Annae
1371 1855 1600 1915 transivit,
1619 1856 1847 1923 praediclae
1863 1869 2007 1923 portae
2024 1873 2129 1923 pro-

1138 1934 1330 1981 ximum
1362 1965 1372 1974 .
1412 1930 1722 1993 Quicumque
1756 1938 1917 1973 autem
1945 1924 2125 1993 septem

1143 2004 1220 2050 has
1239 2018 1334 2047 aras
1350 2034 1364 2055 ‚
1402 1996 1455 2045 eti
1474 1995 1563 2063 quei
1580 2013 1659 2062 par
1678 1993 1742 2043 est
1763 1993 2027 2043 reverentia
2042 2030 2057 2052 ,
2074 2011 2126 2042 ac

1145 2074 1336 2140 pietate,
1354 2068 1522 2134 quovis
1545 2080 1759 2132 tempore
1782 2059 2128 2121 visitasset,om-

1144 2161 1220 2189 nes
1251 2136 1444 2187 omnino
1471 2136 1791 2203 Indulgentias
1824 2133 2130 2201 consequeba-¹

1144 2227 1217 2258 tur
1235 2246 1249 2267 ,
1289 2227 1387 2274 quoe
1406 2206 1585 2273 septem
1609 2205 1752 2257 Urbis
1769 2203 2011 2259 Ecclefias,
2030 2218 2129 2251 tam

1141 2279 1371 2346 frequenti
1392 2277 1626 2324 Fidelium
1643 2271 2129 2341 copia,celeberrimas

1143 2350 1378 2407 reddunt3
1415 2347 1527 2412 quin
1554 2342 1676 2392 festis
1692 2342 1857 2392 diebus
1888 2361 1950 2391 eae
1970 2360 2131 2392 omnes

1142 2424 1189 2469 in
1221 2420 1390 2486 quovis
1419 2412 1726 2465 Sacrosan&ae
1763 2414 1898 2475 hujus
1926 2411 2129 2460 Basilica:

1141 2492 1277 2539 altari
1300 2491 1345 2536 in
1367 2487 1530 2553 duplas
1546 2520 1560 2541 ,
1592 2481 1940 2551 triplicatasque
1969 2501 2127 2532 excre-

1141 2559 1329 2610 scebant
1347 2594 1362 2615 ,
1398 2570 1451 2604 ut
1478 2555 1775 2622 Alpharanus
1806 2566 1990 2601 narrat.

1231 2650 1248 2678 1
1262 2651 1305 2678 0.
1351 2625 1570 2677 Medium
1606 2627 1728 2673 inter
1761 2625 1926 2671 Altare
1957 2619 2127 2669 descri-

1144 2700 1361 2769 ptum,&
1380 2701 1532 2745 Aram
1550 2698 1805 2743 maximam
1821 2691 2066 2758 angustum
2084 2708 2130 2737 o-

1146 2771 1362 2827 stium‚ut
1379 2770 1424 2816 in
1440 2767 1566 2814 dicia
1586 2761 1825 2809 Tab-VII.
1841 2779 1886 2806 n.
1899 2780 1916 2807 1
1930 2781 1973 2808 0.
1990 2760 2129 2809 duce-

1146 2840 1224 2889 bat
1239 2844 1285 2887 in
1301 2834 1622 2903 Polyandrum
1640 2849 1663 2877 a
1683 2844 1815 2897 tergo
1832 2827 2130 2879 subtusAbfi-

1145 2903 1631 2962 dem,Confessionem
1644 2900 2127 2958 circumiensssanRO.

1146 2996 1249 3025 rum
1264 2972 1547 3023 Pontificum
1572 2972 1739 3018 loculis
1754 3006 1770 3027 ,
1800 2967 2130 3035 cineribusque

1144 3046 1386 3099 refertum,
1401 3039 1612 3090 foeminis
1629 3037 2128 3107 inacceffum,excepta¹.

1144 3112 1342 3165 secunda
1359 3111 1476 3162 feria
1499 3109 1597 3179 post
1617 3111 1933 3160 Pentecostem
1949 3146 1965 3167 ,
1996 3127 2129 3176 qua..

1142 3187 1220 3234 die
1240 3184 1295 3233 ab
1315 3183 1500 3240 eodem,
1521 3179 1603 3228 sub
1620 3181 2129 3230 excommunicationis

1142 3254 1280 3322 poena
1303 3255 1395 3303 viri
1438 3251 1743 3301 arcebantur.

2053 3322 2131 3366 In-
