2378 3674
238 223 329 266 182

387 627 758 681 CAPUT
831 627 1075 677 LVIII.

240 775 308 825 De
321 767 387 820 M
389 768 528 837 zfivis
536 757 737 832 'operibus
753 774 802 818 in
815 743 994 821 Σαξείίο,
1003 763 1102 830 five
1121 762 1222 818 loco,

308 840 382 890 ubi
403 840 458 889 B.
478 838 528 888 V-
550 836 705 887 Maria
737 837 886 889 ft'abat
903 854 993 884 cum
1015 835 1224 901 ῗῗοαηηε,

309 908 474 980 quando
511 906 722 958 Salvator
758 911 887 960 Cruci
921 905 1073 973 cffxus
1092 900 1194 969 fuit
1208 937 1223 959 ,

310 974 557 1029 extantibus
573 1014 584 1025 .

245 1118 509 1251 DUm
542 1114 752 1164 nostrum
793 1118 881 1166 hoc
914 1132 1029 1182 opus
1063 1115 1121 1161 de
1160 1107 1224 1157 sa-

424 1188 512 1236 cris
569 1187 789 1236 AEdificiis
832 1207 856 1234 a
916 1182 1222 1235 Constantino

244 1262 426 1325 Magno
459 1254 731 1306 construeris
770 1254 1002 1306 mensibus
1039 1273 1064 1299 a
1109 1268 1223 1299 non-

244 1329 385 1377 nullis
401 1325 482 1375 sub
499 1325 707 1375 Censore
736 1326 954 1375 manebat
969 1361 985 1381 ‚
1004 1324 1224 1388 superve-

245 1400 315 1446 nit
331 1394 509 1445 Mufivi
527 1399 678 1462 operis
698 1397 939 1463 exemplar
959 1412 981 1442 e
1001 1386 1227 1441 Hierusa-

245 1469 342 1516 lem
368 1462 675 1513 transmissum
709 1459 1116 1514 Reverendiffimo
1145 1460 1227 1506 Pa-

247 1538 309 1584 tri
326 1540 398 1585 Fr.
415 1536 871 1604 Bernardojosepho
887 1554 911 1582 a
934 1531 1048 1603 Jesu
1072 1531 1228 1579 Maria

248 1602 614 1662 Commiffario,
651 1606 1042 1670 Procuratorique
1073 1603 1229 1649 Gene-

246 1678 335 1724 rali
353 1677 497 1723 totius
514 1674 823 1722 Franciscanae
842 1675 1050 1723 Familiae
1069 1671 1226 1719 Terrae

249 1746 426 1795 Sanetae
462 1747 506 1791 in
529 1747 744 1793 Romana
773 1746 948 1802 Curia,
967 1745 1025 1792 de
1045 1759 1139 1808 quo
1155 1738 1226 1786 su-

249 1812 499 1885 perius-fati
519 1811 676 1863 sumus
695 1852 709 1874 ‚
743 1829 929 1883 agentes
961 1813 1018 1861 de
1039 1813 1129 1859 alio
1152 1827 1229 1857 ex-

249 1886 447 1952 emplari
491 1882 671 1932 Mufivi
713 1888 864 1953 operis
900 1886 945 1931 in
987 1878 1231 1930 Ecclesia„

252 1956 624 2004 Bethleemitana
640 1956 716 2015 3&
739 1953 846 2003 cum
862 1954 1021 2002 eidem
1038 1953 1097 2000 ob
1115 1951 1230 1997 hanc

216 2056 220 2063 ι
251 2042 415 2074 curam
438 2059 452 2080 ,
471 2041 611 2089 quarn
636 2024 773 2073 habet
802 2023 930 2072 nobis
964 2019 1232 2086 hujusmodi

253 2092 498 2143 obtinendi
520 2097 805 2162 exemplaria
826 2130 839 2151 ,
871 2094 1134 2141 admodum
1154 2088 1231 2136 ad-

252 2163 398 2213 stricti
415 2161 554 2210 simus
572 2199 587 2220 ,
615 2163 722 2212 ideo
741 2165 928 2211 honoris
955 2160 1091 2210 causa}
1125 2177 1233 2208 eum

254 2230 411 2282 denuo
431 2234 724 2281 nominamus
742 2273 756 2294 ,
774 2248 826 2281 ut
842 2236 989 2302 magis
1004 2250 1112 2299 erga
1126 2247 1235 2279 eun-

254 2306 364 2351 dem
402 2314 537 2349 notus
575 2300 631 2350 fit
660 2303 811 2352 noster
857 2303 1105 2352 devincstus
1137 2302 1236 2347 ani-

255 2390 376 2420 mus.
398 2376 441 2419 Is
461 2388 569 2439 ergo
595 2376 650 2419 R.
673 2375 718 2419 P.
744 2391 973 2442 nuperum
996 2372 1239 2438 exemplar

256 2440 390 2491 nobis
408 2443 783 2490 communicavit
800 2479 815 2500 ,
849 2444 975 2509 quod
996 2441 1076 2490 sub
1097 2438 1242 2489 forni-

257 2531 310 2561 ce
332 2511 499 2559 Sacelli
518 2546 533 2567 ,
563 2509 656 2560 sive
672 2514 792 2570 loci,
822 2511 902 2560 ubi
923 2517 972 2560 Β.
993 2518 1055 2563 V.
1083 2512 1235 2559 Maria

255 2579 402 2631 stabat
420 2598 528 2627 cum
557 2584 742 2649 Joanne
763 2618 778 2639 ,
806 2581 992 2648 quando
1026 2579 1235 2632 Christus

257 2652 487 2700 Dominus
506 2651 657 2698 noster
677 2654 822 2701 Cruci
843 2650 1007 2700 affixus
1029 2651 1146 2706 fuit,
1163 2667 1238 2697 ex-

256 2735 326 2768 tat
340 2756 356 2777 ,
373 2720 431 2768 de
450 2738 541 2785 quo
564 2719 867 2786 Qiaresmius
896 2725 942 2768 in
973 2721 1061 2769 suis
1080 2721 1237 2767 Eluci-

258 2788 526 2840 dationibus
549 2791 705 2840 Terrae
727 2793 902 2840 8211&ae
924 2792 1066 2839 Tom.
1090 2809 1134 2835 2.
1155 2789 1236 2836 lib.

263 2877 306 2921 5.
325 2875 450 2918 c.39.
469 2878 646 2926 peregr.
661 2881 699 2909 1.
717 2860 894 2920 scribit,
913 2861 1039 2927 quod
1062 2857 1238 2907 Ascen-

260 2927 395 2977 fionis
414 2933 611 2978 Domini
645 2930 834 2980 historia
864 2927 1066 2999 expressa
1086 2929 1177 2987 est,
1197 2930 1242 2975 in

260 3017 351 3066 qua
366 2997 576 3048 Christus
592 2999 648 3047 ad
669 3003 828 3050 Coelos
848 3001 1094 3050 ascendens
1110 2996 1241 3048 versa

260 3070 320 3117 ad
352 3069 668 3119 Occidentem
688 3072 805 3120 facie
834 3074 1042 3121 cernitur
1057 3106 1072 3128 ‚
1090 3090 1114 3116 a
1129 3088 1240 3136 quau

262 3152 369 3185 tuor
387 3143 637 3187 comitatus
661 3143 855 3209 Angelis
872 3179 887 3198 ‚
907 3144 953 3189 in
974 3155 1101 3208 parte
1123 3139 1238 3187 vero

262 3209 497 3257 Orientali
515 3208 745 3277 stupentes
766 3210 981 3278 Apostoli
1006 3208 1127 3267 sunt,
1148 3212 1244 3258 Sal-

649 213 766 264 DE
836 206 1234 259 saenis
1313 204 1905 269 AEDIFICIIS

554 341 2355 505 ARERGON„

1270 565 1487 604 vatorem
1521 550 1656 602 suum
1690 551 2020 602 ascendentem
2059 558 2107 602 in
2135 559 2247 605 Coe-

1271 624 1371 671 lum
1394 623 1693 692 aspicientes,
1720 624 1929 690 sequenti
1955 639 2064 670 cum
2083 623 2248 673 Inscri-

1273 695 1461 759 ptione,
1492 711 1592 761 quae
1622 693 1758 742 unicaq
1775 690 2109 762 comprehensa
2131 694 2253 743 linezl

1275 764 1442 810 Sacelli
1459 761 1709 811 intersecat
1722 762 1972 822 fornicem,
1989 759 2086 811 five
2102 780 2255 812 came-

1275 849 1375 879 ram
1405 830 1462 879 ab
1497 834 1814 897 Aquilonari‚
1846 832 1988 900 usque
2020 833 2078 880 ad
2106 835 2256 881 Meri-

1277 902 1521 950 dionalem
1541 915 1722 970 partem
1743 939 1752 948 .
1899 942 1901 944 .

1277 974 1427 1020 VIRI
1450 972 1723 1021 GALILEI
1737 974 1911 1038 QVID
1928 971 2255 1021 ASPICITIS

1276 1044 1354 1091 IN
1370 1041 1606 1091 CELVM
1635 1044 1756 1092 HIC
1789 1044 1971 1092 IESVS
2006 1044 2131 1109 QVI
2159 1043 2259 1089 AS-

1275 1111 1592 1161 SVMPTVS
1613 1112 1732 1158 EST
1769 1116 1811 1160 A
1835 1114 2029 1163 VOBIS
2050 1113 2125 1159 IN
2157 1112 2261 1160 CE-

1277 1183 1427 1230 LVM
1471 1183 1572 1231 SIC
1621 1182 1878 1230 VENIET
1933 1183 2260 1248 QVEMAD-

1278 1254 1551 1300 MODVM
1584 1253 1876 1301 VIDISTIS
1910 1255 2059 1302 EVM
2094 1253 2258 1301 EVN-

1282 1322 1430 1368 TEM
1459 1323 1536 1368 IN
1576 1322 1838 1369 CELVM.

1347 1393 1464 1439 Haec
1487 1389 1672 1438 tantum
1690 1390 1829 1440 habet
1842 1389 2168 1457 Qaresmius,
2183 1391 2263 1455 qui

1281 1461 1398 1508 hanc
1414 1475 1557 1528 prout
1572 1467 1695 1522 jacet
1710 1460 2077 1528 Inscriptionem
2095 1458 2260 1507 abbre-

1282 1531 1420 1578 viatis
1446 1528 1587 1578 refert
1619 1529 1959 1580 characteribuffs
1983 1567 1999 1588 ,
2035 1529 2162 1596 quod
2183 1547 2264 1577 nos

1278 1597 1429 1648 facere
1463 1617 1554 1647 non
1590 1602 1830 1649 valuimus
1879 1598 1939 1648 ob
1974 1597 2266 1667 Imprefforis

1278 1668 1503 1718 fimilium
1523 1670 1843 1719 characterum
1863 1671 2085 1737 inopiam.
2108 1672 2267 1730 Hujus

1283 1737 1464 1788 Musivi
1484 1742 1634 1806 operis
1651 1743 1890 1808 exemplar
1922 1741 2201 1807 exponimus
2217 1740 2265 1785 in

1283 1827 1459 1857 annexa
1484 1809 1603 1857 Tab.
1636 1814 1887 1862 XXXIV.
1920 1809 2001 1858 ubi
2036 1806 2268 1876 quidquid

1284 1876 1591 1945 Qaresmius
1617 1878 1775 1929 verbis
1804 1877 2023 1950 expreffit
2048 1915 2064 1937 ,
2101 1876 2264 1947 figura·-

1284 1967 1391 1998 rum
1404 1949 1720 2000 delineatione
1733 1952 1881 2000 oculis
1894 1967 2081 1999 cernere
2097 1947 2267 1996 Lestor

1285 2021 1466 2067 valeat.
1486 2018 1613 2068 Cum
1645 2019 1763 2087 ipsas
1774 2039 1855 2070 nos
1874 2020 2036 2070 sedule)
2054 2016 2268 2067 observa-

1285 2106 1443 2138 remus
1463 2087 1648 2156 figuras,
1665 2092 1892 2139 nonnulla
1911 2087 2064 2137 nostrai
2080 2090 2127 2135 in
2141 2103 2269 2134 men-

1287 2175 1333 2208 te
1354 2158 1621 2208 excitavere
1657 2159 1800 2207 dubia
1815 2195 1830 2217 ‚
1846 2176 2050 2227 quorum
2069 2156 2267 2204 solutio-

1288 2248 1397 2282 nem
1414 2230 1721 2288 tentavimus,
1736 2229 1954 2296 illiusque
1968 2226 2269 2296 approbatio-

1292 2318 1400 2349 nem
1419 2297 1824 2366 benigniLecstoris
1839 2300 2019 2364 judicio
2039 2296 2267 2361 relinqui-

1293 2388 1413 2429 mus3
1427 2382 1588 2435 utpote
1603 2370 1746 2416 etiarn
1760 2367 2096 2436 ampliffimum
2108 2369 2269 2416 locum

1296 2441 1492 2488 certiora
1506 2437 1843 2505 interpretandi
1864 2475 1873 2484 .

1359 2509 1517 2555 Primo
1537 2509 1682 2574 igitur
1697 2505 1738 2556 se
1765 2503 1904 2556 offert
1930 2507 2035 2555 loco
2055 2503 2268 2556 Christus
2293 2482 2296 2483 ⁷

1291 2583 1351 2627 D.
1371 2581 1435 2626 N.
1452 2580 1497 2623 in
1511 2578 1689 2624 coelum
1716 2576 1963 2626 ascendens
1983 2612 1998 2633 ,
2017 2578 2096 2643 qui
2117 2572 2268 2643 potius

1289 2642 1475 2696 Patrein
1502 2648 1759 2705 Alternum,
1779 2646 1947 2703 formzi,
1965 2646 2055 2712 quei
2080 2644 2271 2713 depingi

1291 2718 1408 2766 solet
1433 2753 1448 2774 ,
1481 2720 1621 2783 quam
1650 2716 1801 2784 ipsum
1832 2716 2074 2767 Christum
2107 2732 2272 2782 reprae-

1291 2788 1440 2836 sentat
1458 2809 1471 2848 3
1500 2804 1606 2832 nam
1623 2784 1657 2833 fi
1674 2787 1729 2836 ad
1750 2783 1921 2835 faciem
1939 2788 2099 2835 oculos
2123 2787 2272 2832 inten-

1292 2858 1454 2906 damus
1468 2893 1482 2913 ,
1499 2855 1651 2924 potius
1667 2859 1827 2904 virum
1844 2856 1998 2906 senem
2010 2893 2026 2914 ,
2040 2858 2180 2922 quam
2201 2857 2267 2914 ju-

1294 2946 1464 2976 venem
1499 2926 1722 2974 denotat.
1761 2925 2156 2995 Diligentiffimus
2185 2923 2269 2967 Ec-

1293 2995 1547 3046 clesiasticae
1595 2995 1792 3045 historiae
1835 3011 1967 3065 pater
2009 2991 2271 3045 cardinalis

1295 3068 1520 3116 Batonius
1545 3067 1602 3114 ad
1624 3084 1799 3114 annum
1822 3083 1900 3130 34.
1920 3083 2049 3113 num.
2074 3066 2180 3124 148.
2201 3062 2269 3106 in-

1294 3138 1431 3205 dagat
1448 3173 1463 3194 ‚
1487 3154 1692 3201 quonam
1724 3139 1870 3185 aetat-is
1897 3152 2016 3182 anno
2056 3128 2272 3181 Christus

1295 3212 1356 3257 D.
1382 3210 1442 3255 N.
1474 3206 1649 3255 obierit
1666 3242 1682 3264 ,
1708 3205 2042 3270 concluditque
2067 3216 2144 3265 34.
2182 3197 2271 3277 suae

2133 3281 2276 3320 aetatis
