2378 3674
801 237 1299 291 CAPUT

141 329 237 361 nem
263 327 459 361 exeuntes
475 345 489 366 ,
522 323 570 357 ut
599 311 849 361 D.Claudi0
884 312 1112 372 Principe,

137 384 273 450 occzsse
301 387 349 430 in
380 383 581 433 Vaticano
614 382 783 449 solidus
814 385 862 428 in
894 384 998 432 alvo
1009 381 1113 448 spe-

137 452 278 501 flatus
293 452 360 519 stt
387 450 528 518 infans
548 488 557 497 .
580 455 800 499 Montem
817 449 957 498 istum
989 451 1111 499 cele-

140 521 272 570 brem
312 520 493 589 semper
523 518 655 569 fuiffe
681 555 697 576 ‚
726 536 784 566 ex
815 538 870 568 eo
897 521 1080 569 eruitur
1098 556 1113 577 ,

138 591 266 658 quod
288 592 458 639 Lucius
489 596 643 640 Verus
669 594 964 656 Imperator,
994 606 1114 654 equo

136 658 238 718 suo,
256 679 396 727 quem
416 658 710 729 peramabat,
729 656 1114 726 extimetoffepul-

138 732 307 779 chrum
326 733 371 778 in
394 732 621 780 Vaticano
651 726 873 795 posuerit,
888 743 940 777 ut
971 730 1116 776 tradit

127 802 285 870 Julius
305 800 603 867 Capitolinus
622 799 667 844 in
686 796 856 846 eodem
877 834 887 845 .

206 869 470 918 Redeamus
492 866 635 916 mod&
655 867 711 914 acl
731 869 950 926 Circum,
971 869 1017 916 in
1035 887 1113 917 cu-

133 948 204 1006 jus
241 938 401 987 medio
447 937 661 1006 praefatus
708 936 954 988 Obeliscus
1003 935 1112 987 litus

133 1023 232 1059 erat
245 1041 259 1063 ,
287 1011 333 1055 in
346 1027 439 1074 quo
458 1009 551 1056 haec
571 1006 845 1076 legebantur
871 1008 1110 1076 inscripta,

134 1092 277 1147 prout
297 1077 445 1126 adhuc
468 1080 689 1146 leguntur
707 1113 718 1127 ,

135 1171 290 1210 DIVO
324 1170 551 1211 CJESARI
590 1171 716 1210 DIVI
753 1171 898 1210 IVLII
935 1171 978 1210 F·
1011 1169 1110 1208 AV-

136 1228 334 1270 GvsTo
369 1230 440 1269 Tr.
474 1231 759 1270 CAESARI.

130 1288 263 1327 DIVI
299 1289 557 1329 AVGVSTI
607 1290 650 1329 P.
685 1287 969 1330 AVGVSTO
1021 1288 1107 1327 SA·-

132 1346 332 1387 CRVM«

202 1424 274 1469 De
293 1423 379 1470 hoc
397 1422 620 1474 Obelisco
639 1421 850 1492 expresse}
875 1420 986 1489 saepe
1012 1421 1109 1467 lau-

130 1488 265 1538 datus
289 1494 406 1541 Plin.
433 1495 479 1540 in
499 1492 666 1552 lib.36.
688 1512 784 1560 cap.
815 1511 833 1539 1
852 1512 889 1539 1.
910 1490 989 1538 ubi
1020 1487 1106 1538 fic:

129 1557 303 1610 Tertius
328 1563 471 1613 Romae
497 1564 717 1631 Obelfius
740 1564 807 1613 ef?
823 1568 875 1612 in
903 1563 1103 1612 Vaticano

131 1631 232 1678 Caii
245 1665 260 1687 ,
287 1634 341 1680 ὼ·
371 1632 559 1682 Neronis
580 1636 832 1697 Principum
865 1634 989 1683 Circo
1009 1666 1023 1686 ‚
1053 1651 1107 1679 ex

127 1699 322 1748 omnibus
348 1721 453 1751 tinus
478 1710 647 1754 omnino
666 1702 839 1771 froilas
866 1704 934 1752 essi
957 1706 1004 1750 in
1022 1720 1104 1749 mo-

129 1772 285 1828 litione
314 1805 329 1827 ,
363 1792 482 1839 quem
498 1773 664 1838 fecerat
694 1775 727 1823 S
730 1773 954 1839 csbs‘iridis
974 1774 1105 1839 filius

129 1839 377 1890 Nuncoreus
403 1878 413 1888 .
456 1844 655 1910 Ejusdem
693 1858 880 1891 remanet
909 1846 963 1890 ΕΤ
995 1844 1106 1888 alius

1397 235 1426 286 Ῑ
1452 238 1505 288 V·
2082 255 2146 296 29

1240 305 1452 355 Celebris
1467 305 1557 353 fuit
1576 305 1742 356 Circus
1765 301 1846 351 iste
1865 303 1924 351 ob
1944 306 2138 354 Circen-

1164 373 1230 425 ses
1259 374 1393 425 ludos
1421 378 1467 423 in
1483 394 1538 425 eo
1559 373 1817 424 celebratos
1833 409 1851 431 ,
1893 373 1949 421 cle
1972 370 2139 441 quibus

1166 447 1419 494 Suetonius
1438 447 1483 492 in
1511 445 1703 495 Claudii
1723 447 1818 493 vita
1836 459 1966 509 capa
1983 464 2021 492 1.
2042 448 2140 495 Cir-

1164 520 1323 585 censes,
1345 517 1410 562 ait
1433 552 1448 571 ,
1462 515 1709 583 frequenter
1740 517 1867 564 etiam
1897 517 1946 560 in
1971 517 2141 565 Vatica-

1167 603 1218 633 no
1252 585 1460 652 ,commisti
1488 621 1504 643 ,
1541 603 1831 654 nonnunquam
1875 585 2143 649 interjeffa„

1157 670 1237 722 per
1268 659 1410 722 quinos
1451 657 1594 724 miffits
1610 661 1843 706 ‘venatione
1875 690 1885 701 .
1915 659 1988 703 Ac
2010 655 2143 701 Lam-

1167 724 1344 793 pridius
1374 727 1421 772 in
1449 726 1765 791 Heliogabalo
1802 722 1994 782 scribit,
2034 725 2142 773 Ele-

1166 794 1451 862 phantorum
1480 809 1680 861 quatuor
1693 796 2024 862 quadrigas,in
2050 798 2142 843 Va·-

1179 866 1332 913 ticano
1352 863 1554 932 agitasse,
1569 866 1739 913 dirutis
1757 864 2023 933 sepulchris,
2041 881 2142 929 quae

1166 933 1474 982 obsistebant.
1505 934 1702 983 Tacitus
1734 938 1847 984 vero
1872 934 1929 981 ad
1962 934 2136 982 Annal.

1166 1002 1332 1064 lib.15.
1353 1006 1648 1053 Neronianos
1678 1006 1834 1055 hortos
1866 1007 1913 1052 in
1945 1005 2137 1052 Vatica-

1164 1092 1223 1121 no
1244 1071 1520 1123 virescentes
1541 1077 1757 1122 enunciat
1779 1111 1794 1132 ,
1823 1078 1868 1122 in
1889 1071 2056 1140 quibus
2071 1071 2138 1121 sc-

1163 1145 1310 1191 talem
1339 1142 1715 1192 Christianorum
1735 1144 1917 1192 cladem
1945 1139 1965 1199 ,’
1993 1141 2138 1193 Caesa-

1162 1231 1269 1260 rum
1306 1210 1660 1260 immaniffimus
1702 1214 1946 1279 Princeps,
1983 1213 2134 1260 veluti

1162 1282 1432 1338 ludicrum,
1470 1282 1701 1348 Populum
1727 1281 1968 1331 exhibuit.

1232 1354 1377 1401 Hunc
1404 1363 1475 1398 tot
1494 1348 1792 1417 spectaculis,
1816 1349 2042 1415 rebusque
2061 1351 2136 1399 ad-

1160 1418 1456 1468 mirabilibus
1497 1418 1862 1469 celeberrimum
1906 1421 2135 1478 Circum,

1159 1488 1311 1541 Caesar
1336 1489 1667 1539 Constantinus
1698 1490 1979 1546 demolitus,
2012 1490 2058 1536 in
2079 1508 2135 1539 eo

1159 1558 1460 1627 spectabilem
1493 1561 1720 1628 Principis
1749 1558 2133 1628 Apostolorum-2

1159 1629 1401 1679 Basilicam
1420 1648 1444 1676 a
1460 1627 1776 1679 fundamentis
1794 1631 2038 1686 excitavit,
2054 1629 2135 1678 ubi

1160 1704 1210 1749 B.
1232 1701 1355 1749 Petri
1390 1717 1554 1766 corpus
1582 1697 1817 1766 sepultum
1848 1698 2000 1748 fuerat
2036 1734 2051 1755 ,
2083 1713 2135 1748 ut

1160 1770 1549 1819 Bibliothecarius
1590 1771 1636 1816 in
1673 1768 1882 1832 ejusdem
1916 1773 1973 1816 D.
2008 1769 2133 1817 Petri

1160 1843 1279 1889 Vita
1295 1876 1305 1886 .
1343 1840 1538 1904 Sepultus
1568 1841 1635 1888 es?
1658 1844 1743 1889 ‘via
1767 1842 1949 1890 Aurelia
1968 1843 2015 1886 ia
2031 1855 2135 1887 tem-

126 1926 292 1958 centum
334 1911 566 1962 cubitorum
597 1950 614 1971 ,
660 1933 776 1980 quem
810 1912 911 1978 possi
953 1915 1104 1959 caecita-
1148 1911 1223 1975 plo
1270 1910 1493 1974 Apollinis
1527 1915 1656 1972 juxta
1695 1913 1827 1958 locum
1858 1944 1873 1966 ,
1907 1908 1982 1957 ubi
2004 1914 2134 1957 cruci-

125 1995 210 2027 tem
236 1981 343 2036 visu
367 1984 534 2031 reddito
567 2005 620 2032 tx
662 1986 823 2032 oraculo
851 1981 944 2031 Soli
958 1982 1102 2049 sacra·
1142 1982 1271 2048 fixus
1301 1979 1368 2027 ef}
1394 2014 1409 2036 ,
1436 1983 1574 2043 juxta
1596 1981 1805 2044 palatium
1842 1977 2136 2028 Neronianum

123 2054 204 2099 ‘vit
225 2086 235 2096 .
256 2053 330 2098 Ac
352 2047 1102 2121 lib.16.cap.40.num-20.idem
1154 2055 1203 2098 in
1247 2051 1450 2100 Vaticano
1472 2084 1487 2106 ,
1507 2054 1648 2114 juxta
1685 2052 1948 2097 territorium
1980 2052 2135 2098 trium-

126 2120 314 2169 Auctor
347 2124 476 2170 mirae
515 2121 852 2192 magnitudinis
886 2138 1099 2168 navem„

121 2185 255 2236 fuisse
267 2225 283 2246 ,
299 2209 397 2255 quae
414 2192 636 2241 eumdem
659 2195 790 2243 vexit
807 2187 1101 2248 Obeliscum‚

123 2256 186 2306 fic
217 2276 374 2308 narrat
397 2283 407 2309 ε
449 2262 583 2313 Abies
629 2265 929 2313 admirationis
962 2265 1104 2324 praeci-

115 2341 205 2392 puae
219 2331 320 2394 ‘visa
334 2334 401 2381 eff
414 2337 462 2381 in
480 2340 608 2391 navt}
620 2355 702 2402 que
716 2355 769 2383 ex
783 2332 1105 2401 ngythCali

123 2397 346 2462 Principis
361 2404 482 2468 suffit
508 2441 522 2461 ,
548 2404 787 2473 Obeliscum
830 2408 875 2452 in
913 2404 1105 2453 Vaticano

124 2468 251 2516 Circo
289 2470 500 2521 §Zaratum
526 2510 540 2532 ,
567 2493 817 2543 quatuorque
840 2491 1008 2522 truncos
1035 2473 1096 2519 la-

114 2537 238 2602 pidis
266 2540 444 2605 ejusdem
479 2546 539 2593 ad
557 2546 860 2614 fitsiinena'um
909 2561 998 2591 eum
1026 2541 1097 2587 ad-

122 2608 255 2655 duxit
282 2624 293 2650 t
338 2625 416 2674 qua
444 2631 560 2663 nave
587 2619 659 2664 nil
684 2614 983 2664 admirabilius
1015 2614 1097 2659 ‘vi-

111 2679 210 2744 fizm
243 2680 290 2724 in
320 2682 428 2725 mari
443 2700 597 2741 certum
613 2689 681 2735 essi
694 2722 703 2731 .
734 2682 898 2747 CXX.
913 2681 989 2732 M·
1008 2699 1097 2728 mo-

106 2746 242 2794 ‘diitm
261 2748 386 2795 lentis
401 2763 479 2814 pro
503 2753 683 2816 ⁴[abitura
697 2759 735 2803 ei
753 2754 880 2821 fitere
901 2788 911 2798 .
934 2751 1095 2818 Longi-

119 2816 220 2863 tudo
248 2817 442 2882 spatium
470 2820 655 2870 obtinuit
688 2842 831 2891 magna
856 2843 909 2873 ex
933 2836 1093 2886 parte„

83 2913 86 2917 ’
121 2884 339 2954 Ostienfis
365 2903 516 2953 portus
550 2893 680 2940 latere
715 2897 850 2943 laevo.
881 2892 952 2941 Ibi
972 2910 1090 2941 nam·

119 2973 196 3020 que
217 2957 398 3025 demersa
427 2961 494 3010 eft*
511 2978 535 3008 a
558 2963 737 3012 Claudio
753 2965 952 3025 Principe
971 2998 986 3019 ,
1002 2982 1091 3010 cum

119 3023 258 3074 tribus
279 3029 456 3077 molibus
487 3065 503 3088 ,
545 3037 729 3081 turrium
750 3033 980 3081 altitudine
1001 3036 1089 3081 iii-2

121 3110 169 3143 ea
185 3097 475 3164 exaedificatis,
489 3100 537 3147 ob
554 3102 678 3170 idque
694 3104 914 3153 Puteolano
925 3103 1088 3165 pulve-

115 3183 161 3212 re
172 3166 555 3220 affictio-Arboris
573 3181 663 3236 ejus
685 3172 901 3238 craſjitudo
921 3185 1092 3238 quatuor

113 3233 329 3286 hominum
343 3242 465 3290 ulnas
480 3234 835 3309 conffleffentium
859 3238 1087 3308 implebat.

1146 2122 1303 2185 phale.
1332 2120 1489 2179 Hujus
1517 2116 1759 2167 occasione
1795 2117 2011 2166 laudatus
2028 2136 2133 2167 nar-

1155 2203 1226 2237 rat
1250 2189 1572 2254 Alpharanus,
1589 2187 1718 2254 quod
1743 2186 1824 2235 ubi
1846 2205 1969 2234 nunc
1986 2193 2135 2249 majus

1156 2259 1219 2307 est
1240 2259 1401 2314 altare,
1417 2256 1481 2303 ibi
1501 2270 1606 2305 ante
1623 2256 1987 2305 Constantinum
2001 2258 2135 2305 B.Pe—

1158 2331 1218 2376 tri
1236 2324 1492 2384 Confessio,
1506 2324 1600 2375 five
1620 2328 1902 2377 Oratorium
1920 2339 2036 2383 erat,
2050 2327 2131 2374 Pe-

1158 2401 1312 2464 trique
1331 2398 1482 2465 prima
1497 2398 1544 2442 in
1565 2395 1701 2449 Urbe
1718 2394 1872 2453 sedes,
1893 2392 2130 2443 Succeffo-

1151 2485 1349 2533 rumque
1367 2471 1491 2529 ejus,
1519 2467 1565 2512 in
1585 2483 1674 2532 qua
1702 2483 1863 2514 ornnes
1880 2463 2130 2515 Christiani

1151 2539 1208 2587 ad
1237 2538 1398 2585 divina
1426 2535 1656 2585 audienda
1673 2532 1884 2593 ,necnon
1905 2532 2130 2583 sacrosan·

1147 2610 1220 2658 &a
1246 2605 1543 2675 percipienda
1578 2604 1838 2672 mysteria,
1874 2604 2127 2654 convenie-

1151 2677 1366 2727 bant.Ad
1380 2678 1494 2723 hanc
1511 2675 1786 2724 firmandam
1800 2675 2131 2732 narrationem,

1151 2751 1308 2817 plures
1345 2748 1555 2795 valerem
1591 2742 1753 2792 afferre
1793 2743 2094 2790 austoritates
2114 2777 2130 2799 ,

1147 2838 1247 2885 quae
1276 2819 1385 2884 quia
1416 2818 1462 2861 in
1490 2811 1737 2860 noviffima
1767 2813 2008 2861 Ciacconii
2030 2812 2129 2860 edi-

1148 2892 1275 2936 tione
1294 2899 1461 2933 tom.1.
1481 2900 1668 2948 pag-70·
1692 2883 1844 2930 relatae
1861 2880 1966 2930 suut
1986 2916 2001 2938 ,
2023 2879 2124 2929 bre-

1145 2955 1304 3006 vitatis
1322 2951 1473 3017 gratia
1491 2952 1594 2999 illas
1613 2953 1835 3001 omittere
1852 2987 1867 3009 ,
1894 2953 1942 3002 &
1963 2950 2021 2998 ad
2048 2969 2126 2998 no-

1144 3026 1288 3073 strum
1310 3025 1543 3088 Magnum
1574 3025 1922 3087 Imperatorem
1945 3019 2121 3070 sermo-

1142 3110 1251 3141 nem
1271 3093 1444 3139 iterum
1466 3105 1742 3142 convertere
1766 3092 1888 3140 duco
1909 3129 1919 3138 .

1213 3164 1326 3209 Non
1346 3156 1439 3209 line
1460 3162 1604 3227 igitur
1623 3161 2121 3230 mysterio,circumja-

1143 3244 1329 3281 centem
1355 3228 1669 3280 Confeffionis
1701 3234 1859 3280 locum
1876 3266 1892 3289 ,
1922 3242 1993 3280 tot
2011 3247 2119 3296 pro-

2012 3299 2122 3367 pha-
