2378 3674
248 243 340 298 184
638 236 684 285 D
720 235 756 283 Ξ
827 233 859 282 S
895 234 937 281 A
974 234 1013 282 C
1049 232 1094 283 R
1128 229 1157 278 I
1186 230 1219 280 S

244 301 478 372 Operibus
497 317 626 370 parte
653 324 691 351 1.
720 321 819 367 cap.
846 317 1044 368 15.erga
1057 299 1217 356 finem,

244 375 325 423 ubi
347 375 478 430 dixi,
509 376 722 437 antiquos
747 371 923 420 Christi
944 369 1099 419 fideles
1118 387 1217 418 om-

245 462 353 493 nem
371 443 516 491 animi
530 459 690 488 curam
707 476 723 498 ‚
740 459 790 488 ac
808 438 1016 488 studium
1035 441 1216 506 impen-

245 510 386 571 disse,
412 526 463 559 ut
485 507 844 577 profundiffima
871 507 1222 576 Apocalypseos

246 582 471 650 mysteria
488 615 505 637 ,
522 580 678 645 quoad
705 577 803 627 fieri
827 577 1005 647 posset,
1035 577 1222 647 publice

248 650 492 721 iperstanda
523 663 928 717 proponerentur,
962 651 1031 696 uti
1060 646 1223 718 paffirn

248 718 443 772 diversis
459 721 505 766 in
523 717 724 768 Mul'ivis
739 739 762 766 a
779 737 853 767 me
870 721 915 766 in
931 719 1098 767 eodem
1114 734 1220 765 rneo

246 807 388 859 opere
423 790 573 837 allatis
591 787 828 838 observari
850 789 977 837 valet
997 824 1005 833 .
1030 789 1222 854 Qiare,

249 860 424 928 Angeli
448 857 509 906 fic
540 856 737 925 expreffi
767 877 860 907 non
892 856 1109 915 baculos,
1144 854 1222 904 sed

249 929 499 978 arundines
511 946 601 996 prae
629 926 841 976 manibus
858 941 1018 976 tenent
1035 963 1049 984 ,
1067 941 1119 975 ut
1139 929 1226 974 in„

250 1000 435 1048 laudata
449 999 626 1046 dicitur
644 994 941 1065 Apocalypsi
954 1016 1055 1064 cap.
1079 1015 1102 1043 2
1119 1016 1158 1044 1.
1179 1015 1224 1043 n.

257 1085 332 1131 15.
371 1068 429 1119 Et
463 1073 535 1136 qui
576 1069 814 1136 loquebatur
855 1087 1012 1116 mecum
1047 1067 1224 1116 habebat

251 1141 481 1208 menfitram
517 1141 796 1188 arundineam
834 1155 1034 1195 auream,
1070 1154 1118 1186 ut
1136 1157 1223 1186 me-

250 1216 407 1260 tiretur
422 1212 670 1262 Civitatem
689 1246 702 1266 ,
738 1213 793 1259 (7
817 1223 961 1274 portas
985 1214 1076 1274 ejus
1093 1244 1103 1254 .
1126 1211 1223 1255 An-

250 1282 378 1348 gelos
405 1277 576 1327 ssmiles
611 1279 858 1327 arundines
893 1296 981 1346 prae
1013 1275 1226 1325 manibus

253 1363 462 1398 tenentes
492 1348 793 1415 exposuimus
823 1350 968 1396 etiam
1005 1350 1047 1394 in
1078 1350 1223 1394 citato

254 1418 407 1467 nostro
425 1436 568 1485 opere
587 1419 642 1467 de
664 1415 864 1466 Mufivis
896 1414 1132 1486 Operibus
1150 1415 1222 1464 di-

252 1487 327 1538 &a
342 1502 471 1555 parte
493 1506 532 1536 Ξ.
548 1507 647 1555 cap.
672 1506 750 1537 20.

323 1557 426 1606 Post
441 1559 631 1605 tertium„
648 1594 663 1615 ,
683 1572 902 1624 quartum
919 1556 1126 1626 sequitur
1142 1558 1226 1606 du-

254 1628 388 1676 bium
405 1663 420 1685 ‚
433 1627 662 1676 videlicet
675 1664 691 1686 ,
706 1629 834 1694 quod
853 1628 1036 1677 tantum
1055 1645 1230 1678 novem

255 1712 562 1747 numerantur
578 1702 619 1746 A
629 1699 814 1765 postoli,
827 1700 981 1748 &non
996 1699 1231 1747 undecim.

255 1771 327 1817 Ex
354 1773 521 1817 Marco
555 1771 683 1816 enim
715 1787 812 1836 cap.
854 1777 929 1817 16.
964 1787 1007 1815 n.
1046 1788 1120 1832 14.
1156 1770 1232 1815 ha-

257 1840 424 1889 bemus
450 1859 462 1886 :
499 1836 745 1906 Noviſjime
781 1837 1115 1889 recumbentibus
1137 1839 1235 1887 illis

259 1910 448 1958 undecim
473 1914 666 1975 apparuit
700 1944 715 1965 ‚
751 1913 805 1960 (7
842 1909 1129 1975 exprobravit
1164 1912 1233 1956 in-

258 1979 550 2028 credulitatem
583 1997 720 2027 corum
753 2014 769 2036 ‚
802 1989 893 2030 (Tc.
933 1981 992 2026 Et
1031 1976 1149 2026 infra
1188 1997 1232 2025 n.

267 2068 343 2108 19.
364 2049 423 2099 Et
439 2049 651 2097 Dominus
668 2050 806 2116 ‘Jefits
825 2085 840 2106 ‚
853 2050 1078 2116 postquam
1094 2051 1234 2116 loquu-

263 2136 332 2169 tus
348 2120 414 2168 eft'
433 2123 526 2174 eis,
543 2120 774 2185 aſsumptus
807 2121 876 2168 eft'
904 2123 948 2167 iu
978 2122 1120 2168 coelum
1135 2154 1150 2174 ,
1186 2121 1240 2168 (3·

249 2188 374 2259 fidet
399 2188 455 2235 ad
480 2188 700 2235 dexteram
718 2188 832 2237 Dei.
857 2190 1002 2236 Lucas
1023 2189 1138 2237 ver&
1165 2207 1240 2235 ca-

261 2261 357 2326 pite
379 2276 457 2319 24.
476 2274 604 2304 num.
628 2268 705 2314 36.
725 2260 817 2306 ait:
849 2259 966 2308 Dum
1001 2275 1136 2308 autem
1159 2259 1241 2307 haec

259 2331 486 2395 loquuntur
506 2362 520 2384 ‚
536 2327 664 2376 ft'etit
681 2327 819 2395 ‘Jcfics
845 2333 892 2377 in
909 2330 1043 2377 medio
1074 2348 1238 2385 corum,

261 2401 316 2447 (Ὺ
337 2397 448 2445 dicit
463 2400 522 2444 eis
540 2416 549 2442 ε
567 2397 665 2445 Pax
681 2397 812 2446 vobis
827 2434 842 2455 ,
857 2419 929 2466 ego
942 2400 1042 2466 firm
1059 2435 1074 2456 ,
1106 2402 1238 2448 nolite

262 2471 423 2515 timere.
444 2468 503 2511 Et
528 2462 645 2513 infra
663 2484 705 2511 n.
725 2482 802 2525 50.
835 2468 1005 2517 Eduxit
1022 2486 1157 2517 autem
1173 2487 1239 2517 cos

251 2535 375 2604 firas
406 2541 454 2585 in
487 2536 745 2586 Bethaniam
763 2572 778 2593 ,
814 2539 868 2585 (θ’
892 2540 1079 2587 elevatis
1107 2542 1240 2586 mani-

262 2606 339 2655 bus
352 2608 450 2675 fitis
472 2604 698 2654 benedixit
733 2611 794 2654 eis
819 2625 830 2652 :
863 2610 916 2656 (δ’
935 2606 1110 2673 fhHum
1144 2608 1240 2661 eft',

264 2677 363 2725 dum
385 2676 643 2724 benediceret
676 2677 770 2724 illis
787 2711 801 2731 ‚
815 2678 970 2743 receffit
986 2678 1036 2725 ab
1053 2681 1115 2726 eis
1138 2712 1153 2734 ,
1185 2680 1238 2726 &⁶

252 2744 472 2815 serebatur
503 2751 549 2795 in
569 2748 733 2795 coelum.
764 2746 886 2811 Ergo
915 2748 1038 2794 ultra
1065 2764 1238 2795 novem

265 2819 316 2863 in
344 2833 541 2864 numero
571 2830 702 2863 erant
734 2853 743 2862 .
780 2814 995 2862 Dubium
1028 2817 1113 2863 hoc
1145 2817 1237 2863 alio

266 2888 412 2934 modo
429 2882 610 2933 solvere
639 2887 822 2952 ignoro,
836 2887 976 2951 quam
995 2887 1242 2952 placitum,

269 2969 350 3002 aut
375 2952 602 3001 inscitiam
618 2956 808 3004 Pictoris
826 2952 918 3003 esse
942 2954 1241 3015 affirmand05

269 3027 344 3072 cui
377 3022 630 3080 satisfuit,
662 3026 912 3073 nonnullos
946 3027 1240 3092 exprimere,

271 3094 520 3159 Apostolos
536 3129 550 3150 ,
569 3095 700 3140 nullo
727 3094 889 3142 habito
904 3095 960 3142 ad
975 3112 1140 3143 eorum
1156 3111 1239 3141 nu-

271 3178 458 3209 merum
475 3161 715 3230 respectu-
740 3166 785 3211 Si
804 3161 918 3212 bene
937 3161 1137 3232 expreffi
1154 3162 1238 3211 ob—

270 3228 543 3288 serventur,
581 3234 626 3279 in
656 3251 823 3281 eorum
848 3233 1005 3283 medio
1036 3235 1246 3283 cernitur

1272 301 1563 369 S.Joannes,
1599 302 1679 365 qui
1706 298 1936 352 sinistrum
1968 302 2110 351 habet
2121 320 2244 369 genu

1270 370 1450 419 flexum
1472 405 1486 426 ‚
1505 368 1756 417 dexterum
1788 370 1904 418 vero
1929 375 2211 420 inclinatum
2234 410 2244 420 .

1273 439 1544 488 Eorundem
1566 436 1908 506 Apostolorum
1935 441 2080 491 vestes
2097 445 2249 489 anim-

1276 505 1552 558 adverfione
1589 508 1741 576 dignae
1769 510 1923 557 etiam
1968 512 2213 561 censentur
2233 547 2249 569 ‚

1275 599 1374 650 quae
1391 595 1550 627 omnes
1567 576 1672 626 sunt
1691 578 1857 627 talares
1873 614 1888 634 ,
1907 597 1959 626 ac
1978 582 2112 630 unius
2125 585 2255 649 Apo-

1275 651 1378 699 stoli
1406 648 1599 696 dextera
1618 685 1632 706 ,
1648 665 1789 714 quam
1810 684 1826 705 ,
1842 661 1983 716 prout
2015 650 2219 698 indicem
2239 688 2253 709 ‚

1277 723 1520 770 elevatam
1549 717 1691 767 habet
1722 740 1736 778 3
1791 717 1919 766 istius
1952 716 2094 767 vestis
2130 721 2255 769 Grae-

1276 807 1380 839 cam
1408 787 1628 838 Casulam
1647 824 1663 845 ,
1699 786 1797 835 five
1820 789 2061 837 Planetam
2094 805 2256 855 reprae-

1278 860 1426 910 sentat
1454 892 1470 914 ,
1518 862 1647 918 cujus
1682 854 1860 905 Casulae
1888 856 2041 906 forma
2071 862 2257 907 etiam-2

1281 926 1404 998 apud
1422 928 1613 974 Latinos
1635 926 1805 975 eodem
1823 926 1987 976 saeculo
2002 964 2017 986 ‚
2032 944 2122 994 quo
2137 947 2253 995 prae·

1281 1001 1378 1050 sens
1398 994 1644 1046 Mufivum
1676 1014 1792 1064 opus
1812 995 2107 1045 elaboratum
2135 997 2228 1047 fuit
2242 1035 2258 1058 ,

1279 1074 1327 1119 in
1360 1066 1446 1116 usu
1481 1080 1608 1116 erat.

1386 1136 1692 1205 Suprarelatis
1739 1138 1958 1202 quintum
2008 1137 2131 1187 addo
2167 1138 2258 1188 du-

1282 1210 1415 1258 bium
1431 1244 1445 1266 ,
1471 1224 1641 1273 nempe
1660 1207 1772 1271 quid
1790 1207 1985 1257 denotet
2003 1210 2133 1277 virga
2147 1245 2167 1266 2
2180 1208 2259 1257 seu

1281 1280 1467 1328 baculus
1483 1278 1562 1325 ille
1583 1312 1600 1333 ,
1619 1293 1760 1340 quem
1774 1291 1862 1326 tres
1878 1292 2040 1328 tenent
2058 1277 2258 1346 Aposto-

1276 1353 1340 1399 li?
1359 1349 1451 1398 Cui
1486 1345 1632 1394 dubio
1665 1345 1954 1413 respondeo,
1984 1347 2261 1397 baculorum

1275 1417 1578 1491 gestationem
1613 1419 1671 1462 ad
1711 1420 1919 1485 corporis
1968 1415 2261 1466 sustentatio-

1278 1507 1386 1539 nem
1418 1488 1722 1536 adinventam
1759 1483 1931 1546 fuisse,
1969 1491 2262 1554 Beatumque

1280 1563 1472 1609 Petrum
1489 1556 1830 1625 Apostolorum
1843 1558 2109 1625 Principem
2122 1555 2261 1606 bacu-

1285 1632 1386 1679 lum
1429 1624 1666 1696 gestavisse
1708 1625 1930 1675 habemus
1967 1645 2023 1677 ex
2060 1624 2264 1695 ipsomet

1285 1700 1473 1755 baculo,
1494 1698 1573 1763 qui
1592 1696 1743 1744 adhuc
1763 1697 1955 1745 Treviri
1972 1697 2276 1755 servatur,ut‘

1286 1769 1468 1819 ostendi
1486 1769 1532 1814 in
1550 1784 1657 1815 meo
1678 1783 1816 1833 opere
1835 1766 1893 1816 de
1910 1772 2076 1817 Veter.
2098 1769 2259 1816 Moni-

1287 1840 1453 1887 mentis
1472 1854 1567 1904 par.
1595 1856 1633 1883 1.
1652 1853 1748 1902 cap.
1771 1856 1788 1884 1
1802 1853 1847 1897 5.
1870 1838 1938 1887 De
1955 1843 2127 1902 antiquo
2143 1837 2264 1886 bacu-

1287 1913 1418 1960 lorum
1442 1909 1516 1976 usu
1542 1941 1557 1963 ,
1602 1925 1815 1976 eorumque
1837 1908 2029 1975 symbolo
2050 1944 2060 1955 .
2099 1911 2267 1956 Sumus

1290 1981 1417 2029 enim
1443 1979 1646 2026 viatores
1663 1977 1710 2023 in
1729 1978 1814 2025 hoc
1834 1978 2014 2027 mundo
2031 2014 2041 2024 .
2070 1976 2265 2028 Hic'au-

1290 2050 1371 2098 dio
1390 2047 1446 2095 ab
1466 2046 1699 2112 aliquibus
1728 2048 1847 2094 mihi
1875 2066 1902 2096 0
1941 2049 2082 2116 poni,
2122 2047 2263 2094 bacu-

1291 2121 1392 2167 lum
1428 2119 1476 2164 in
1501 2113 1694 2165 Mufivo
1737 2134 1878 2184 expre
1917 2135 1998 2165 um
2034 2116 2265 2165 brevioris

1292 2204 1515 2257 apparere
1550 2183 1806 2243 mensurae,
1843 2189 1984 2253 quam
2014 2187 2094 2234 ille
2114 2221 2130 2243 ‚
2182 2187 2265 2252 qui

1292 2260 1350 2306 ad
1371 2257 1579 2325 corporis
1597 2253 1975 2305 sustentationem
1993 2253 2268 2304 necessarius

1293 2327 1357 2377 est
1375 2363 1386 2372 .
1422 2329 1516 2377 Cui
1538 2324 1788 2387 objedfioni
1806 2323 2088 2393 respondeO,
2111 2325 2266 2374 Pisto-

1290 2402 1350 2445 ris
1366 2394 1495 2444 fuiffe
1515 2392 1765 2452 inscitiam,
1783 2409 1948 2463 utpote
1967 2397 2112 2444 etiam
2131 2396 2267 2454 illam

1291 2463 1497 2533 superius
1525 2460 1778 2531 expressam
1797 2500 1812 2522 ,
1850 2465 2037 2530 quando
2054 2460 2269 2532 appinxit

1293 2535 1570 2583 arundinem
1590 2536 1635 2579 in
1651 2551 1793 2580 manu
1811 2535 1984 2600 Angeli
2004 2536 2149 2583 etiam
2170 2532 2268 2583 bre-

1294 2623 1403 2653 vem
1421 2641 1436 2661 ‚
1465 2601 1574 2651 cum
1602 2604 1867 2671 longiorem
1895 2606 2158 2672 exprimere
2186 2604 2268 2653 de-

1290 2671 1479 2730 buiffet,
1507 2687 1560 2720 ut
1575 2669 1811 2721 observari
1828 2674 1979 2741 potest
2009 2677 2055 2721 in
2074 2671 2269 2723 Mufivo

1291 2763 1433 2813 opere
1459 2746 1501 2790 S.
1535 2743 1731 2809 Agathae
1762 2746 1999 2792 Ravennae
2031 2779 2049 2801 ,
2086 2744 2143 2792 de
2177 2761 2269 2810 quo

1293 2834 1374 2864 nos
1393 2811 1475 2861 fati
1504 2809 1661 2860 sumus
1675 2813 1736 2858 in
1765 2808 1920 2862 nostro
1939 2831 2079 2881 opere
2100 2818 2264 2863 Veter.

1295 2886 1586 2934 Moniment.
1606 2895 1734 2950 parte
1758 2902 1797 2931 1.
1815 2901 1912 2951 cap.
1934 2901 2012 2932 20.
2032 2885 2269 2948 Haec‚quae

1294 2953 1447 3020 aliquz'i
1489 2951 1893 3002 animadversione
1932 2951 2072 3020 digna
2104 2962 2265 3008 erant,

1295 3021 1625 3092 exposuimus:
1660 3019 1691 3069 fi
1709 3023 1845 3089 plura
1865 3022 2090 3090 benignus
2108 3018 2267 3069 obser-

1296 3095 1482 3143 vaverit
1514 3092 1712 3147 Leetor,
1749 3110 1834 3159 pro
1858 3089 1942 3140 suo
1966 3090 2188 3149 arbitrio,
2217 3090 2267 3140 &

1297 3163 1561 3215 eruditione
1580 3158 1792 3227 supplere
1819 3159 2000 3226 valebit
2020 3194 2031 3207 .

2144 3297 2269 3345 CA·
