2378 3674
597 251 644 298 ‘C
709 250 757 298 A
825 251 866 296 P
935 251 983 297 V
1056 247 1103 296 T
1219 250 1420 300 XXJtn
1786 268 1870 317 141

128 383 167 409 5,
191 363 405 416 remque,
453 348 590 415 quein]
623 365 748 398 antea
781 350 948 404 fuerat,
976 345 1091 412 ἃΑ»
1120 345 1396 413 quadrapulo
1437 363 1627 396 numero
1652 345 1846 417 isiginti,
1892 364 1938 403 ἃς

129 420 164 478 2„
192 421 490 470 fundamentis
524 419 999 487 aedificansarenouauit.
1058 446 1091 472 „
1123 436 1198 484 per
1213 435 1332 465 arcus
1349 418 1607 486 presbyteri)
1621 421 1715 468 vela
1732 440 1864 487 parua
1881 425 1936 472 de

127 501 162 549 5,
192 488 494 555 Abfidamque
543 489 735 539 eiusdem
801 488 995 539 Ecclesiae
1056 517 1089 542 υ
1122 488 1297 536 stauraci
1315 503 1531 554 quatuor,
1564 489 1780 557 simulque
1796 495 1843 540 in
1867 495 1940 542 in-

126 560 161 617 ζ,
193 559 369 608 Mufiuo
385 558 563 610 mirifice
579 560 798 609 decorauit
816 592 833 617 ,
852 560 928 607 vbi
949 569 994 608 δε

124 630 159 688 ξ,
190 630 380 696 plurima
395 630 556 679 obtulit
571 629 702 687 dona,
718 631 875 679 scilicet
897 635 994 697 Cy-

122 700 156 757 3‘,
190 700 366 748 borium
380 696 429 747 ex
447 715 629 766 argento
647 699 905 768 pensantem
941 702 994 746 li-

105 791 156 828 ·„
190 770 286 818 bras
313 785 523 818 trecentas
551 773 761 838 triginta,
787 780 834 821 δε
861 770 994 819 duas.

123 870 156 898 2,
188 843 549 906 propitiatorium
569 839 672 890 sacri
696 844 842 890 altaris
859 860 910 888 ex
930 842 993 888 la-

120 911 156 968 3,
189 914 324 957 minis
340 914 552 977 argenteis
566 915 744 979 compte
757 911 992 959 decorauit.

120 1007 155 1037 2,
187 981 525 1029 Confeffionem
557 1000 735 1048 quoque
753 986 840 1030 eius
860 1001 990 1032 cum,

119 1048 154 1109 3,—
184 1051 472 1115 regulisintus
491 1083 507 1107 ,
534 1052 698 1106 &foris
721 1056 884 1102 mirum
912 1056 992 1104 in.⁴

1052 588 1085 614 3,
1112 556 1249 623 greffu
1265 557 1506 623 presbiteri)
1525 560 1635 608 ,vela
1668 564 1784 628 tyria
1809 561 1900 608 duo
1917 595 1933 607 ι

1053 657 1084 684 ,,
1125 630 1210 675 Hic
1241 628 1577 694 benignissimus
1607 630 1813 679 Pontifex
1830 631 1933 680 fecit

1051 729 1086 755 ,‚
1115 701 1161 745 in
1176 695 1364 763 ingressu
1378 699 1466 746 iam
1486 699 1609 748 dietae
1627 701 1819 750 Ecclefiae
1835 719 1933 749 cor-

1052 799 1084 828 „
1110 770 1220 817 tinas
1239 770 1426 823 maiores
1443 801 1458 824 ,
1472 768 1528 817 de
1545 770 1817 837 quadrapulo
1827 789 1931 820 cum

1051 871 1083 897 „
1109 837 1336 906 periclypfi
1356 838 1409 890 de
1424 838 1613 889 fundato
1639 840 1818 907 mirifice
1836 842 1932 895 val-

1049 941 1082 968 „
1114 910 1168 959 de
1182 941 1195 957 .

1153 986 1358 1044 Qantus
1394 980 1523 1028 fuerit
1550 980 1667 1028 istius
1706 980 1931 1031 Pontificis

1049 1069 1149 1117 erga
1167 1053 1369 1099 diuinum
1388 1051 1555 1098 cultum
1573 1051 1708 1107 zeluS‚
1729 1067 1932 1117 quanta-⁴

114 1122 152 1178 ἦ,
182 1120 370 1167 modum
383 1120 605 1185 perficiens
619 1122 851 1171 adornauit
869 1123 983 1190 peni]
999 1129 1030 1169 B
1048 1139 1146 1186 erga
1161 1119 1294 1168 sacras
1309 1120 1420 1168 aedes
1436 1120 1616 1168 deuotio
1633 1151 1647 1175 ‚
1678 1139 1771 1170 non
1786 1121 1930 1170 solum

116 1192 149 1249 ζ’,
179 1189 309 1236 libras
326 1206 500 1239 centum
515 1224 531 1248 ‚
562 1201 606 1240 δε
626 1194 879 1259 quindecim
897 1226 910 1248 ,
938 1204 984 1243 δε

115 1285 147 1317 ³5
179 1262 325 1307 vncias
359 1276 464 1308 tres.
504 1267 617 1310 Item
649 1264 720 1311 vbi
740 1263 864 1329 supra
883 1264 982 1312 fecit

110 1358 145 1388 ,‚
174 1329 417 1394 gubatham
431 1349 481 1378 ex
507 1351 609 1381 auro
621 1333 852 1398 puriffimo
867 1333 986 1398 pens.

114 1431 146 1457 „
174 1400 303 1446 libras
323 1401 428 1447 duas
443 1431 458 1456 ,
475 1406 677 1450 &vncias
693 1406 808 1449 osto:
828 1419 983 1450 verum

110 1501 143 1526 9,
173 1471 333 1514 etiam.
368 1479 412 1515 δε
435 1488 582 1517 arcum
619 1488 668 1516 ex
692 1466 907 1536 argento>
937 1480 981 1519 S<

109 1569 143 1597 ,‚
171 1539 458 1586 columnellas
490 1539 624 1594 duas,
655 1558 756 1587 cum
776 1558 981 1609 gamma·

108 1638 141 1666 „
171 1605 256 1669 dijs
275 1605 441 1655 duabus
456 1627 577 1673 pens.
609 1610 734 1657 libras
749 1644 761 1655 .

107 1709 140 1737 „
274 1677 423 1736 Immo
451 1680 557 1725 &in
583 1678 701 1726 sacro
724 1680 850 1728 altari
877 1679 978 1726 fecit

107 1777 140 1805 „
171 1745 332 1795 vestem
349 1746 402 1793 de
417 1747 706 1814 chrysoclauo
739 1750 978 1797 habentem

106 1849 139 1876 „
168 1814 392 1864 historiam
426 1822 678 1867 Dominicae
719 1822 978 1868 Natiuitatis

1042 1209 1093 1238 ex
1112 1192 1295 1237 narratis
1311 1222 1325 1246 ,
1360 1207 1514 1238 verum
1530 1194 1664 1238 etiam
1680 1209 1731 1238 ex
1747 1194 1844 1257 alijs
1860 1194 1932 1249 in,-

1044 1261 1108 1309 fra
1126 1259 1320 1307 dicendis
1355 1259 1551 1321 Ecclefijs
1576 1259 1732 1307 clarius
1747 1279 1931 1327 appare:

1045 1329 1110 1376 bit
1126 1362 1137 1374 .
1157 1330 1323 1375 Floruit
1344 1328 1561 1376 Paschalis
1571 1330 1712 1376 Anno
1738 1334 1763 1377 8
1776 1346 1847 1391 17.

1146 1402 1251 1445 Haec
1265 1395 1450 1444 Ecclesia
1472 1402 1514 1448 S.
1533 1399 1688 1446 Mariae
1706 1401 1754 1446 in
1768 1401 1936 1447 Domi-

1043 1470 1163 1524 nica,
1182 1467 1267 1515 siue
1282 1469 1327 1513 in
1347 1467 1573 1512 Domnica
1590 1495 1604 1520 ,
1622 1479 1697 1512 aut
1716 1468 1903 1532 Kyriaca
1919 1501 1936 1525 ,

1038 1539 1154 1586 della
1181 1538 1395 1585 nauicella
1424 1552 1591 1581 nomen
1624 1534 1742 1601 apud
1773 1542 1931 1602 vulgus

1039 1605 1262 1673 progreffu
1292 1607 1503 1670 temporis
1520 1636 1534 1660 ,
1565 1604 1649 1652 flue
1666 1606 1927 1671 appellatio-

1038 1693 1144 1723 nem
1160 1676 1310 1723 sortita
1326 1675 1382 1721 est
1400 1693 1410 1720 :
1440 1690 1522 1722 tres
1539 1677 1703 1740 priores
1721 1675 1927 1723 denomi-

1035 1748 1235 1794 nationes
1250 1744 1370 1792 idem
1387 1743 1668 1800 sonant3nam
1687 1749 1930 1797 Dominica.

1038 1834 1129 1866 vox
1142 1816 1406 1863 adiectiuum
1419 1815 1477 1862 est
1492 1815 1516 1863 εἳ
1533 1815 1809 1864 Substantiuo
1827 1821 1928 1864 Do-

102 1918 139 1947 „
168 1885 359 1930 Domini
389 1882 541 1930 Nostri
583 1893 705 1935 [ESV
736 1881 1023 1940 CHRISTIC
1039 1889 1162 1934 mina
1175 1885 1602 1952 deriuatum‚11empe
1617 1889 1749 1941 Hera3
1768 1890 1920 1935 Dom-

78 2018 81 2019 ⁷
103 1986 137 2014 7,
167 1953 291 1999 rnirae
305 1952 645 2017 pulchritudinis
681 1971 941 2005 exornatam
963 1999 975 2009 .
1038 1958 1135 2003 nica
1152 1954 1258 2005 vero
1273 1956 1297 2002 εὶ
1330 1957 1573 2003 Dominica
1601 1973 1678 2020 per
1693 1955 1922 2022 sincopesn'

103 2029 136 2084 ¹„
165 2025 345 2077 Iterum,
360 2021 434 2071 vbi
452 2022 594 2091 supra,
608 2025 706 2073 fecit
722 2026 887 2075 vestem
905 2026 978 2075 de·
1039 2025 1152 2073 diota
1173 2057 1189 2080 ,
1225 2039 1275 2073 vt
1291 2024 1485 2072 domnus
1505 2025 1788 2091 Apostolicus
1804 2057 1820 2081 ‚
1837 2044 1920 2091 pro

104 2126 135 2153 >³
166 2091 342 2139 stauraci
376 2094 715 2158 pulcherrimam
746 2114 846 2143 cum
866 2100 977 2163 peri-
1038 2097 1266 2142 Dominus
1283 2093 1593 2158 Apostolicus:
1622 2098 1681 2142 ita
1697 2099 1924 2162 Kyriaca„

101 2197 133 2222 „
166 2161 270 2227 clysi
299 2161 352 2208 de
382 2163 564 2212 blattin.
592 2169 707 2213 Item
736 2168 871 2214 aliam
904 2183 978 2215 Ve-

99 2268 132 2293 .»
165 2230 272 2277 stem
305 2231 358 2278 de
390 2232 551 2282 blattin
580 2235 781 2283 bizantea
812 2236 976 2284 haben-

97 2336 132 2362 „
165 2314 255 2348 tem
277 2301 474 2351 tabulam
491 2303 545 2351 de
567 2304 855 2372 chrysoclauo
869 2325 974 2355 cum

98 2405 129 2432 „
164 2372 290 2419 vultu
305 2375 467 2421 Sancta:
479 2376 714 2424 Genitricis
728 2408 741 2432 ,
760 2385 805 2424 &
823 2379 977 2443 Ange-

98 2475 130 2501 „
163 2439 194 2484 li
220 2436 432 2504 Obsequio
461 2444 620 2493 stantes
644 2465 746 2496 cum
779 2446 977 2511 periclyfi

98 2543 132 2570 „
164 2507 219 2554 de
235 2507 422 2554 staurace
437 2542 450 2554 .
483 2513 737 2573 Pariterque
747 2510 881 2555 aliam
898 2525 977 2558 ve-

98 2613 130 2639 „
165 2576 274 2625 stem
289 2576 342 2624 de
358 2576 543 2626 staurace
572 2578 807 2626 habentem
838 2595 976 2643 pauo-

1035 2182 1171 2230 graeca
1203 2181 1292 2211 vox
1314 2163 1404 2219 est,
1435 2182 1532 2229 quae
1562 2166 1854 2212 Dominicam
1873 2163 1928 2211 fi-

1034 2233 1446 2299 gnificat3naeuicella
1460 2234 1564 2283 vero
1578 2252 1665 2284 vox
1689 2235 1834 2282 italica
1849 2233 1926 2291 est‚'

1034 2322 1130 2368 quae
1155 2306 1405 2353 nauiculam
1435 2303 1621 2352 denotat
1642 2335 1656 2359 ‚
1683 2303 1738 2351 fic
1767 2302 1920 2352 diota&

1034 2389 1282 2423 marmorea
1319 2369 1548 2424 nauicula,
1578 2386 1675 2432 quae
1710 2372 1757 2416 in
1774 2370 1920 2432 platea

1036 2460 1137 2494 ante
1165 2442 1296 2504 ipsius
1322 2437 1516 2490 Ecclefiae
1531 2437 1812 2504 prospectum,
1857 2439 1916 2496 est

1035 2514 1114 2553 fita

1113 2574 1395 2623 Martinellus
1413 2575 1459 2621 in
1478 2574 1553 2622 sua
1572 2580 1723 2626 Roma
1739 2596 1790 2625 ex
1807 2578 1920 2635 Eth-

99 2681 132 2710 „
164 2663 240 2694 nes
256 2677 272 2703 2
304 2656 345 2696 δε
363 2649 410 2694 in
428 2648 576 2696 medio
591 2652 779 2697 Crucem
793 2647 847 2697 de
858 2648 968 2696 blat-
975 2661 1017 2704 D
1032 2646 1128 2694 nica
1145 2644 1260 2693 sacra
1285 2648 1490 2712 opinatur
1507 2678 1521 2702 ,
1557 2647 1789 2696 Ecclefiam
1805 2648 1919 2698 hanc

101 2751 132 2780 „
163 2719 230 2764 tin
247 2723 271 2761 .'
291 2720 422 2771 Item,
442 2718 517 2765 vbi
535 2718 679 2783 supra,
701 2720 802 2768 fecit
815 2718 978 2769 vestem
1034 2713 1060 2763 ἃ
1074 2716 1216 2764 nobili
1230 2731 1436 2767 matrona
1449 2719 1620 2765 Ciriaca
1637 2720 1822 2765 nomine
1837 2722 1919 2768 in...

99 2821 129 2850 „
163 2805 216 2836 ex
234 2805 338 2834 auro
356 2801 521 2834 textam
539 2805 638 2835 cum
668 2790 868 2858 periclyfi
883 2789 976 2840 de.‚.,
1034 2789 1213 2855 propria
1245 2787 1386 2834 domo
1429 2787 1721 2836 constructam
1766 2788 1885 2835 fuiffe
1901 2821 1915 2832 .

103 2889 132 2918 2,
164 2857 326 2906 blattin
344 2890 356 2901 .
382 2860 728 2923 Coopertorium
763 2861 977 2911 rubeum-2
1035 2857 1443 2907 Reuerendiffimus
1494 2857 1599 2904 vero
1646 2859 1914 2906 Dominicus

103 2958 135 2986 ,‚
166 2925 220 2973 de
239 2929 378 2974 Serico
406 2943 574 2978 vnum.
601 2932 718 2977 Fecit
749 2933 882 2979 etiam
897 2933 977 2982 in-,
1032 2930 1080 2978 T
1084 2928 1203 2976 oschi
1244 2927 1594 2974 Archidiaconus
1635 2928 1682 2973 in
1721 2925 1910 2974 Ecclesia

99 3029 136 3057 ⁷„
169 2997 344 3046 circuitu
361 2997 506 3045 altaris
523 2998 621 3045 vela
655 3000 785 3046 rubea
805 3000 968 3051 serica*

102 3100 136 3126 „
172 3079 359 3129 quatuor
373 3100 388 3125 ‚
405 3086 505 3115 curn
519 3068 802 3134 gammadijs,
816 3079 861 3118 &
877 3089 970 3118 erun

103 3169 136 3198 υ
171 3151 238 3181 ces
257 3134 311 3182 de
330 3139 601 3205 quadrapulo
619 3172 631 3183 .
646 3140 729 3186 Hic
748 3141 970 3187 venerabi-

108 3238 138 3265 „
173 3204 223 3250 lis
241 3206 396 3254 Praesul
410 3209 570 3260 obtulit
587 3211 632 3257 in
647 3209 766 3258 trabe
782 3225 881 3258 ante
896 3228 971 3259 ve-

107 3308 138 3335 „
175 3274 383 3326 stibulum
397 3281 562 3329 Altaris
580 3281 673 3330 vela
687 3284 767 3329 tria
782 3312 798 3338 ,
824 3289 867 3330 δε
881 3279 973 3329 de.»

1032 2998 1254 3064 Regienfi,
1267 3015 1403 3063 quem
1416 2997 1594 3044 honoris
1608 2995 1730 3043 causa
1742 2997 1810 3044 hic
1826 3013 1910 3060 nos

1027 3072 1176 3124 minO,
1206 3071 1252 3115 in
1273 3067 1344 3114 sua
1362 3066 1565 3132 peculiari
1579 3064 1909 3114 dissertatione„

1030 3142 1283 3203 M.S.quam
1305 3140 1351 3184 in
1364 3155 1468 3184 meo
1485 3137 1696 3185 librorum
1716 3139 1913 3185 MM.SS.

1028 3210 1203 3256 cimelio
1213 3206 1336 3255 seruo
1352 3239 1367 3263 ‚
1399 3222 1540 3273 putat,
1557 3207 1790 3256 Ecclefiam
1806 3223 1912 3253 ean-

1040 3278 1142 3329 dem
1159 3280 1270 3327 olim
1297 3279 1516 3328 Palatium
1532 3311 1548 3337 ·,
1565 3296 1612 3326 ac
1640 3276 1916 3324 residentiam

1634 3350 1843 3395 Summo-
