2378 3674
7 3323 11 3333 ,
6 3309 9 3311 ,
0 3036 9 3279 -,-.’.>Ἆ-ιι»ν;ν--*-<-
0 2991 2 3019 *μ
0 2950 1 2955 Α
0 2933 2 2937 -

591 304 628 353 C
701 305 747 353 A
817 305 855 352 P

35 373 151 434 sit33
173 388 357 422 carmen
372 407 387 429 ‚
407 388 500 439 quo
528 374 678 441 Virga
694 370 976 439 fignificatur
992 406 1008 427 ‚

36 443 98 492 sic
117 445 162 494 se
185 442 326 492 habet
345 478 354 488 .

37 513 150 588 Qae
167 512 335 582 filicem
353 511 528 582 fregit,
564 517 618 564 (J
647 528 772 582 aquas
807 515 1007 563 undare„

180 604 244 633 coe
276 599 313 631 tt
333 618 342 628 .

107 659 179 703 At
205 603 298 701 haegc
328 652 533 701 uberiori
561 656 740 702 calamo
757 654 1010 720 prosequu-

39 739 114 773 tus
137 723 200 772 est
218 720 460 790 Rasponus
493 720 623 770 lib.x.
646 742 832 790 capno.
868 724 1013 770 Tem-

42 796 177 863 plum
195 793 283 840 hoc
313 809 455 859 prope
487 790 1015 861 Constantinopolitanae

43 863 194 918 Urbis
212 879 369 909 muros
399 858 702 911 attollebatur
720 900 736 921 ,
771 867 861 931 qu&
887 880 1015 910 mare

42 931 350 1002 prospicitur,
365 949 456 979 non
475 934 641 998 procul
664 952 686 981 a
707 934 860 983 Sancti
878 934 1017 983 AEmi-

40 1004 154 1065 liani
173 1013 309 1069 porta
333 1036 344 1046 .

184 1146 227 1191 C
265 1145 312 1189 A
347 1143 381 1188 P
418 1146 467 1191 V
505 1141 550 1189 T
624 1147 873 1194 XXXIV.

126 1283 197 1334 De
226 1279 408 1347 Ecclefia
432 1281 626 1346 Deiparae
652 1287 699 1330 in
727 1284 940 1352 stigmate

335 1353 373 1403 C
375 1353 704 1418 onffantinopoli
718 1388 726 1399 .
859 1372 862 1375 ⁴

212 1491 398 1538 Ertium
435 1490 523 1538 hoc
552 1491 813 1559 Templum
840 1493 886 1538 in
906 1491 1017 1539 Dei-

233 1578 348 1628 parae
377 1560 602 1609 honorem
635 1580 658 1607 a
677 1565 855 1629 Magno
894 1564 1022 1609 Con·

47 1629 248 1679 stantino
273 1627 587 1679 constructum
619 1628 749 1679 fuiffe
768 1632 1025 1698 reperimus

51 1700 99 1744 in
121 1701 355 1767 Stigmate
373 1701 734 1748 denominatum
755 1737 764 1747 .
803 1703 910 1749 Hoc
949 1717 1027 1747 au-

51 1781 147 1816 tem
172 1767 409 1838 progressu
428 1772 652 1837 temporis
677 1773 824 1818 varias
860 1767 1026 1818 vicissi-

48 1838 238 1887 tudines
264 1852 511 1906 expertum
530 1838 622 1887 fuit
639 1876 649 1885 .
683 1843 807 1887 Nam
827 1876 842 1898 ,
862 1853 914 1887 ut
950 1857 1022 1888 re-

48 1904 142 1955 fert
166 1908 378 1958 Codinus
401 1944 416 1966 ,
442 1909 731 1977 Justinianus
751 1911 869 1958 illud
889 1927 1020 1958 reno-

50 1980 190 2025 vavit
208 2015 217 2024 .
247 1976 405 2026 Postea
434 1976 587 2026 Basilii
606 1979 883 2028 Macedonis
903 1993 1022 2028 tem-

49 2065 164 2116 pore
184 2063 355 2115 magno
372 2062 639 2098 terraemotu
661 2048 913 2117 collapsum
935 2086 949 2107 ,
981 2051 1027 2095 in

46 2115 419 2185 splendidiorem
435 2154 451 2175 ,
491 2117 896 2188 augustioremque
934 2118 1026 2167 for-

51 2204 182 2235 mam
219 2185 408 2235 Bafilius
428 2186 520 2254 ipse
545 2189 745 2237 restituit
766 2226 775 2235 .
806 2186 1024 2255 Cumque

52 2257 221 2305 eadem
251 2260 401 2325 Regia
436 2257 560 2310 Urbs
591 2258 762 2307 crebris
783 2258 1027 2307 obnoxia„

52 2325 112 2375 fit
141 2328 481 2375 terraemotibus
516 2364 530 2385 ,
569 2329 738 2376 iterum
770 2330 1028 2397 Templum

55 2397 143 2444 hoc
159 2409 290 2443 terrae
305 2395 484 2462 fragore
501 2433 515 2454 ,
534 2397 699 2446 Basilio
720 2401 805 2446 Bul
811 2419 866 2467 ga
875 2400 1028 2449 rosto-

57 2483 116 2513 no
137 2467 393 2530 imperante
407 2470 600 2524 corruit,
617 2482 667 2515 ut
686 2467 893 2516 scribunt
912 2471 1030 2537 Scy-

58 2536 190 2583 litzes
207 2569 222 2591 ,
246 2535 296 2582 ὃς
317 2536 498 2600 Glycas
520 2571 530 2580 .
561 2536 698 2584 Tunc
716 2540 829 2586 vero
857 2540 902 2585 in
930 2556 1031 2606 pro-

60 2606 171 2672 priis
197 2605 340 2650 ruinis
372 2602 557 2666 jacuisse
588 2623 670 2672 pro
702 2621 831 2655 certo
855 2608 1030 2657 haben-

59 2674 174 2721 dum
206 2671 300 2730 est,
317 2671 425 2720 curn
447 2674 505 2722 de
524 2675 649 2721 illius
676 2675 1032 2726 reaedificatione

61 2744 186 2790 nulla
206 2744 389 2809 penitus
408 2745 666 2811 reperiatur
680 2747 804 2813 apud
824 2748 1031 2815 Scripto-

63 2831 131 2862 res
151 2830 382 2862 memoria
398 2848 409 2859 .

132 3362 334 3417 ParJH.

928 305 974 355 t)
1048 300 1091 350 T
1206 296 1509 350 XXXIV·

1210 438 1578 492 CAPUT
1654 440 1875 490 XXXV.

1095 579 1164 629 De
1179 576 1353 643 Templo
1372 579 1425 629 B.
1441 576 1606 626 Mariae
1620 615 1634 636 ,
1647 579 1756 647 five
1771 579 1816 629 S.
1834 576 1999 628 Theclae

1342 649 1715 717 Constantinopoli
1731 685 1741 696 .

1070 781 1394 971 Qanta
1421 805 1525 854 erga
1546 790 1799 854 Deiparam
1816 787 2038 836 Constan-

1258 858 1341 904 tini
1367 858 1536 925 religio
1553 894 1569 915 ,
1587 877 1636 906 ac
1653 855 1846 906 devotio
1865 855 2008 905 fuerit
2022 891 2038 912 ‚

1311 923 1432 984 satis,
1448 928 1671 994 superque
1688 926 1840 974 testari
1861 922 2042 994 possunt

1066 1012 1267 1064 quatuor
1287 995 1406 1043 sacra
1422 995 1616 1045 aedificia
1635 995 1691 1044 ab
1716 997 1882 1045 eodem
1906 999 1951 1044 in
1981 997 2038 1042 il-

1067 1072 1155 1118 lius
1174 1068 1401 1115 honorem
1434 1068 1479 1114 in
1501 1067 1583 1115 hac
1608 1064 1941 1122 celeberrima,
1973 1068 2039 1112 in-

1069 1142 1294 1205 clytaque
1312 1137 1565 1185 Orientalis
1585 1138 1781 1204 Imperii
1805 1135 1909 1184 sede
1928 1154 2039 1182 con-

1069 1207 1238 1256 {trueta
1253 1242 1264 1252 .
1282 1208 1470 1254 Horum
1493 1209 1580 1253 tria
1600 1211 1695 1268 jam
1725 1204 1853 1274 suprit
1872 1204 2057 1253 deseri--

1071 1274 1242 1345 pfimus
1257 1311 1272 1332 ,
1310 1272 1510 1341 superest
1539 1290 1757 1340 quartum
1786 1311 1802 1333 ,
1832 1274 1957 1340 quod
1987 1272 2042 1320 rm)

1072 1346 1251 1408 nevw'gaoe
1267 1344 1448 1392 dictum
1466 1342 1558 1391 fuit
1571 1380 1587 1401 ,
1605 1342 1785 1392 scilicet
1805 1347 1849 1390 in
1870 1342 2041 1392 Hastis.

1073 1416 1200 1468 Ctim
1235 1414 1348 1462 vero
1384 1415 1596 1481 Deiparae
1627 1414 2009 1462 denominaretur
2028 1449 2043 1470 ,

1075 1499 1238 1554 utpote
1254 1485 1294 1531 ei
1315 1480 1495 1530 sacrum
1513 1483 1742 1551 ,justinus
1760 1485 2049 1550 Curopalata

1077 1570 1211 1607 vetus
1230 1557 1272 1602 S.
1288 1555 1450 1601 Mariae
1467 1589 1482 1611 ,
1499 1555 1545 1599 in
1565 1556 1607 1601 S.
1627 1554 1816 1602 Theclae
1832 1571 2044 1601 nomen-³

1077 1624 1341 1679 convertit,
1372 1636 1424 1669 ut
1455 1622 1594 1671 habet
1623 1622 1834 1672 Codinus
1853 1657 1868 1679 ,
1887 1624 1935 1671 ἃ
1953 1625 2054 1670 Au-

1078 1697 1179 1746 stor
1198 1692 1612 1743 Collestaneorum
1630 1696 1686 1741 C.
1705 1694 1751 1739 P.
1766 1693 1895 1739 idem
1911 1691 2050 1751 forte,

1078 1764 1206 1833 quod
1237 1761 1293 1811 ab
1326 1762 1494 1810 eodem
1511 1760 1698 1830 Justino
1739 1776 2049 1820 renovatum,

1077 1833 1236 1883 scribit
1255 1835 1478 1880 Zonaras:
1501 1835 1537 1877 OEl
1557 1829 1619 1877 ‘niv
1642 1834 1711 1881 Γτῖἷς
1734 1829 1858 1888 ’κ”γῖοις
1889 1851 2051 1891 πρωτο-

1078 1905 1259 1966 μθῖξτυξος
1271 1900 1426 1950 Θε’κλινς
1443 1904 1463 1957 <
1482 1902 1559 1947 mlv
1577 1915 1596 1966 )
1613 1900 1829 1958 ninimirum,
1843 1905 1896 1951 (5⁸
1913 1901 2044 1951 Tem-

1072 1980 1192 2043 plum
1203 1974 1585 2039 S.Pr0t0martyris
1601 1973 1762 2022 Theclae
1777 1978 2023 2020 renovavit
2039 2008 2050 2018 .

1083 2050 1199 2096 Haec
1213 2062 1271 2093 ex
1288 2047 1365 2092 Du
1383 2046 1541 2109 Gange
1557 2042 1638 2090 lib.
1657 2061 1703 2105 4.
1718 2048 1822 2101 ff.7.
1846 2046 1980 2090 nf28.

1220 2187 1262 2232 C
1299 2185 1346 2229 A
1380 2182 1413 2228 P
1450 2184 1499 2230 V
1536 2181 1581 2228 T
1656 2185 1906 2231 XXXVI.

1082 2327 1150 2377 De
1164 2320 1343 2390 Ecclefia
1359 2321 1393 2370 S
1397 2355 1407 2365 ·
1431 2319 1670 2371 Michaelis
1692 2337 1818 2370 extra
1846 2319 2057 2370 Conslan-

1152 2394 1372 2460 tinopolim
1388 2395 1434 2439 in
1451 2392 1636 2456 Anaplo,
1646 2394 1724 2459 seu
1752 2391 1989 2447 Sosthenio,

1273 2461 1380 2530 five
1396 2461 1441 2511 H
1447 2462 1574 2509 efz'iis
1591 2475 1825 2526 nuncupata
1840 2497 1850 2506 .

1246 2603 1367 2665 Ujus
1399 2598 1613 2650 Ecclesiae
1640 2599 1967 2649 fundationem
1998 2596 2062 2644 sa-

1264 2673 1321 2719 tis
1360 2672 1622 2719 luculenter
1664 2669 1962 2734 Nicephorus
2001 2668 2059 2714 li-

1089 2741 1172 2790 bro
1193 2759 1238 2800 7.
1267 2760 1367 2809 cap.
1394 2758 1471 2801 50.
1510 2740 1578 2784 his
1613 2737 1838 2787 describit
1875 2736 2061 2784 verbis:

1085 2812 1173 2861 Sed
1197 2815 1250 2860 <9⁵
1276 2817 1323 2860 in
1357 2807 1538 2873 trqjecffu
1563 2842 1579 2863 ,
1609 2812 1663 2858 (Τ
1693 2814 1740 2858 in
1767 2810 1850 2856 loco
1879 2827 1922 2856 eo
1942 2843 1957 2863 ‚
1988 2811 2060 2875 qui

1085 2881 1358 2931 Sosthenium
1409 2892 1589 2926 vocatur
1631 2913 1647 2934 ,
1698 2878 1900 2947 Ecclefias
1957 2877 2062 2924 duas

1088 2950 1355 3017 Archangelo
1378 2946 1601 2996 Michaeli
1627 2951 1828 2998 extruxit
1859 2970 1869 2997 ε
1893 2952 1940 2997 in
1969 2951 2064 3014 qui-

1091 3021 1166 3068 bus
1189 3018 1417 3086 splendide·
1445 3018 1704 3066 exornandis
1721 3055 1736 3076 ‚
1764 3019 1823 3068 ad
1853 3018 2064 3082 Imperia-

1092 3092 1175 3138 lem
1206 3091 1563 3156 magnificentiam
1592 3090 1713 3138 nihil
1737 3088 1902 3156 omistt.
1934 3087 2066 3138 Mihi

1092 3163 1200 3207 ‘verb
1223 3159 1444 3207 molestum
1472 3175 1551 3204 non
1573 3156 1708 3219 fiterit
1733 3159 1944 3208 Historiae
1966 3159 2065 3206 huic

1089 3231 1273 3296 inserere
1294 3227 1431 3277 earum
1447 3227 1757 3278 HruHurarum
1784 3229 1943 3295 caustum
1967 3263 1983 3284 ,
2011 3229 2066 3275 <9⁴

1087 3299 1195 3349 unde
1224 3303 1308 3350 loco
1337 3302 1376 3347 ei
1391 3299 1612 3348 Sosthenis·
1641 3317 1786 3348 nomen
1807 3298 1867 3366 stt
1895 3295 2062 3363 imposi·

1574 3371 1616 3416 Y
1655 3387 1679 3415 2
1964 3383 2066 3414 tum.
