2378 3674
236 280 301 323 30‘
554 273 600 321 D
637 271 672 323 Ε
772 269 805 319 S
823 269 885 317 Ἀ
921 269 959 317 C
996 267 1040 316 R
1078 265 1107 314 I
1135 267 1168 316 S

230 346 399 391 throno
422 338 617 390 sedentis
630 375 645 395 ,
663 340 710 387 ἃ
729 338 835 383 hinc
855 336 961 384 inde
980 338 1054 383 SS.
1072 341 1201 403 Apo-

229 413 455 461 stolorum
472 412 596 458 Petri
615 443 631 464 ‚
647 409 695 456 ὃ(
715 406 843 452 Pauli
861 442 876 462 ,
897 423 1079 453 necnon
1098 410 1199 454 An-

229 483 462 551 gelorum,
483 480 778 543 aliorumque
801 475 1075 525 Sant‘torum
1093 494 1202 524 cum

232 554 315 600 hac
336 548 668 614 Inscriptione:

230 620 344 672 Tibi
358 615 602 682 Chriflestt
616 618 705 664 laus
721 651 736 673 ‚
751 616 877 667 honor
891 652 907 674 ,
925 620 978 667 Θ*
993 617 1128 666 decor.

418 757 447 803 S
484 757 522 802 E
558 758 601 804 C
639 755 684 803 T
724 761 747 805 I
785 758 832 806 O
902 760 950 806 X
972 759 1009 803 Ι.

232 897 298 947 D.-
315 900 374 945 iis
390 931 405 953 ,
422 914 503 964 que
521 896 622 942 olim
641 912 763 944 erant
789 899 836 944 in
855 893 1033 961 Ecclcffiz
1048 895 1082 943 S
1085 894 1204 944 antii

348 967 530 1016 Andreae
548 967 751 1031 Apostoli
766 1002 780 1022 ‚
798 970 845 1014 in
862 964 1087 1015 veliibnlo

496 1034 667 1102 Templi
687 1037 911 1103 Apollinis
935 1072 946 1082 .

239 1196 256 1225 1
271 1190 347 1236 53.
530 1179 686 1226 Oturn
699 1177 820 1225 illud
840 1175 1042 1243 spatium
1059 1209 1074 1231 ,
1086 1172 1213 1239 quod

555 1245 768 1294 medium
780 1252 904 1312 jacet
919 1246 1042 1291 inter
1060 1244 1215 1292 Eccle-

233 1313 346 1363 fiam
363 1316 407 1361 S.
427 1315 692 1364 Petronillae
708 1351 723 1372 ,
742 1313 1030 1381 parietesqtle
1049 1310 1211 1360 Bafili-

234 1403 294 1433 cae
314 1420 330 1442 ,
347 1385 508 1432 navim
532 1384 837 1434 transversam
869 1387 915 1432 in
941 1381 1211 1431 Austrum„

233 1453 501 1502 claudentes
519 1490 535 1511 ,
553 1455 811 1523 occupabat
825 1451 1028 1502 Ecclesia
1046 1454 1089 1499 S.
1113 1457 1212 1501 An·

234 1522 356 1572 dreae
374 1539 623 1585 num.153.
646 1531 775 1585 cujus
797 1524 1015 1580 ornatui,
1047 1524 1095 1573 &
1124 1524 1213 1571 ele—

234 1595 398 1662 gantiae
417 1595 732 1660 Symmachus
753 1596 872 1661 Papa
890 1594 1097 1640 maxime
1119 1591 1212 1640 stu-

234 1664 365 1711 duit.
398 1664 471 1710 Sic
486 1666 611 1712 enim
631 1667 678 1711 in
698 1661 956 1713 Pontificali
985 1662 1136 1720 libro,
1168 1680 1218 1709 ae

233 1733 370 1793 hujus
386 1732 626 1781 Pontificis
644 1736 741 1783 vita
759 1735 964 1802 legitur:
996 1733 1114 1783 Fecit
1132 1734 1216 1784 Bn-

217 1802 392 1873 filicam
420 1803 454 1853 S
457 1838 466 1848 ·
486 1803 667 1853 Andreae
698 1805 902 1871 Apos‘ioli
918 1804 1030 1869 apud
1056 1804 1112 1853 B·
1132 1804 1214 1853 Pe-

232 1890 347 1923 trum
363 1875 617 1938 Apostolum
633 1909 649 1930 ,
680 1874 752 1924 ubi
769 1873 886 1942 ficit
915 1873 1133 1924 Ciborium
1161 1892 1214 1920 ex

235 1959 407 2010 argento
427 1977 442 1998 ‚
477 1946 530 1991 θ’
547 1940 842 2011 Conftffionem
861 1944 981 2011 pens
1005 1941 1082 1990 lib.
1122 1960 1215 1990 cen-

234 2030 325 2063 tum
342 2047 357 2069 ‚
386 2013 440 2060 &¹
471 2016 679 2078 viginti.
718 2016 855 2063 Arcus
889 2028 1101 2083 argenteos
1128 2029 1215 2061 tres

225 2080 542 2152 penflstngulos
559 2082 692 2132 libras
698 2084 936 2152 sbxaginta
956 2119 965 2129 .

308 2149 402 2199 Sub
421 2149 605 2200 filentio
625 2153 1000 2219 praetereundum
1022 2152 1218 2200 minime*

235 2216 324 2269 esse
343 2217 508 2267 censeo
527 2256 542 2277 ,
564 2222 717 2270 locum
740 2222 879 2271 istum
915 2241 971 2272 ex
992 2223 1218 2291 praecitati

234 2290 393 2339 Mallii
412 2290 838 2349 le&i01ie‚dubium
860 2293 1125 2353 1-eddi3nam
1141 2309 1222 2338 nu-

235 2376 352 2406 mer.
379 2369 452 2406 16.
474 2358 533 2406 fic
554 2358 711 2407 scribit
729 2382 739 2409 :
759 2360 886 2429 Infra
902 2364 1122 2412 Palatium
1139 2382 1220 2410 ‘ve-

236 2434 282 2477 νὸ
314 2426 502 2476 Neronis
527 2432 594 2478 ef}
611 2428 834 2496 Templum
851 2433 1093 2497 Apollinis,
1109 2431 1220 2498 quod

238 2515 341 2545 nunc
366 2513 544 2546 vocatur
568 2500 602 2548 S
603 2500 727 2548 anth
757 2503 1002 2551 Petronillae
1019 2539 1033 2559 ,
1066 2507 1114 2550 in
1140 2520 1214 2566 quo

235 2568 305 2615 essi
330 2567 587 2616 reconditum
619 2585 763 2634 corpus
796 2572 977 2636 ejusdem
1004 2575 1215 2639 Virginis,

237 2653 334 2685 ante
360 2638 471 2702 quod
504 2640 571 2687 essi
604 2639 787 2707 Bastlica
829 2640 979 2689 Sanc‘ii
1023 2642 1216 2708 Angeli,

225 2717 320 2776 'qux
354 2724 532 2756 vocatur
570 2710 820 2759 Vaticanum
845 2744 860 2766 ,
889 2713 1068 2777 mirifico
1101 2709 1218 2777 moss-

236 2777 285 2825 bo
301 2778 537 2844 laqueatum
571 2795 668 2826 auro
685 2814 701 2835 ,
717 2783 770 2830 &⁴
796 2783 921 2828 ‘vitro
941 2817 951 2826 .
977 2779 1081 2829 Ideo
1112 2785 1218 2829 ‘vero

237 2848 403 2895 dicitur
434 2850 683 2898 Vaticanum
716 2885 731 2906 ,
767 2854 865 2916 quia
894 2852 1021 2902 Vates
1049 2885 1064 2906 ,
1101 2850 1218 2898 idest

237 2916 479 2966 Sacerdotes
497 2952 511 2973 ‚
529 2923 766 2985 antiquitas
785 2919 984 2968 canebant
1011 2918 1076 2967 ibi
1091 2923 1217 2987 sua„

236 2985 372 3053 ffcia
387 3020 404 3041 ,
433 3003 530 3035 ante
545 2987 767 3053 Templum
784 2992 1007 3054 Apollinis
1026 3011 1036 3037 ε
1055 2999 1109 3038 (9⁴
1125 2990 1217 3038 ider)

239 3071 326 3103 tota
361 3057 440 3103 illa
459 3071 562 3122 pars
594 3058 750 3107 dextra
766 3059 956 3126 Bqfi'licae
984 3061 1038 3110 B·
1059 3061 1214 3117 Petri,

239 3140 319 3190 qua
349 3129 432 3173 iter
453 3141 531 3190 per
561 3127 778 3177 Porticum
806 3130 1065 3199 Pontificum
1099 3165 1114 3185 ,
1157 3132 1211 3179 ὡ*

240 3193 362 3258 usque
377 3196 435 3242 ad
456 3198 631 3246 Portam
657 3199 917 3264 Arge-nicam
935 3236 949 3257 ,
976 3197 1212 3247 vocabatur

244 3263 496 3312 Vaticanum
514 3300 524 3311 .
547 3266 694 3337 Ibique
720 3269 787 3318 εἷς’
823 3270 949 3318 aliud
962 3269 1185 3335 Templum
1198 3305 1214 3327 ,

1251 336 1362 405 quod
1366 333 1465 402 fitit
1499 336 1743 386 Vessarium
1769 338 1978 393 Neronis,
2020 339 2130 406 quod
2143 358 2230 388 mo-

1253 408 1306 456 do
1333 422 1510 455 ‘vocatur
1540 405 1722 454 Sanc‘ius
1751 407 1946 456 Andreas
1975 428 1986 455 :
2025 414 2073 457 in
2114 414 2232 473 cujus

1256 479 1414 527 Altare
1431 477 1589 527 Beatus
1617 475 1849 542 Gregorius
1867 478 1979 542 Papa
1992 514 2008 534 ‚
2036 496 2082 527 ut
2112 496 2137 526 a
2158 497 2234 526 no-

1256 548 1368 596 s‘iris
1381 544 1610 612 majoribus
1628 550 1873 610 accepimus,
1888 548 2121 597 recondidit
2138 549 2234 598 bra-

1256 619 1399 664 chium
1424 616 1576 666 Sanili
1606 616 1788 667 Andreae
1807 617 2009 681 Apostoli
2024 651 2040 673 ,
2056 622 2105 666 t&
2124 621 2233 670 Bea⁶

1257 691 1297 734 ti
1313 684 1430 735 Lucae
1446 687 1764 755 Evangelift'ae,
1786 707 1869 754 quae
1886 705 1976 734 cum
1991 702 2142 752 magna
2160 690 2234 737 de-

1259 761 1439 805 ‘votione
1453 758 1609 805 detulit
1636 775 1660 805 a
1691 758 1730 807 C
1733 758 2070 821 onflantinopoli
2089 791 2099 802 .
2124 758 2236 807 Haec

1263 827 1462 873 Mallius
1477 861 1493 883 ‚
1509 828 1586 891 qui
1605 827 1652 872 in
1678 826 1763 873 hac
1781 825 1858 874 sua
1892 827 2158 874 narratione
2179 826 2237 873 de

1260 893 1413 942 tribus
1435 896 1662 961 praecipue
1700 896 1814 943 locis
1851 898 2144 945 mentionem
2176 892 2243 941 fa·-

1255 964 1509 1031 cit,nempe
1529 964 1587 1012 de
1610 965 1818 1032 Templo
1837 966 2076 1032 Apollinis
2093 966 2140 1012 in
2159 966 2245 1012 Ec-

1257 1030 1446 1081 clofiam
1484 1033 1658 1081 Sanstae
1693 1035 1958 1082 Petronillae
1986 1032 2244 1093 convers03

1264 1101 1468 1152 secundo
1503 1101 1561 1149 de
1582 1101 1773 1151 Basilica
1804 1105 2071 1170 S.Angeli‚
2103 1104 2244 1150 tertio

1266 1173 1323 1221 de
1345 1174 1437 1220 alio
1460 1171 1688 1239 Templo,
1701 1171 1919 1223 Vestario
1941 1173 2146 1222 Neronis
2179 1171 2247 1219 di-

1264 1243 1341 1292 <sto
1363 1242 1515 1308 (quod
1532 1240 1817 1291 Vestiarium
1840 1244 2091 1312 legendum
2110 1240 2212 1303 est)i
2221 1261 2248 1289 n

1266 1309 1522 1360 Ecclesiam
1542 1311 1797 1361 S-Andreae
1815 1325 2109 1361 commutato
2129 1347 2139 1357 .
2177 1316 2248 1361 De

1267 1378 1470 1430 Ecclefia
1487 1383 1800 1430 §.Petronillae
1814 1418 1830 1440 ,
1852 1382 1932 1431 ubi
1952 1401 2062 1430 nam
2079 1379 2248 1439 fuerit,

1267 1449 1606 1518 ambigendum
1624 1453 1822 1501 minime
1840 1452 1920 1510 est,
1939 1451 2049 1501 cum
2067 1451 2248 1518 expres-

1267 1524 1311 1570 se
1329 1523 1410 1570 illa
1426 1521 1735 1589 indigitetur.
1769 1523 1976 1589 Qaestio
2008 1524 2154 1590 igitur
2183 1519 2248 1569 est

1269 1593 1327 1641 de
1347 1591 1539 1640 Basllica
1556 1594 1599 1638 S.
1620 1593 1793 1658 Angeli
1811 1627 1826 1649 ,
1846 1594 1895 1642 ὃ(
1909 1592 2117 1658 Templo
2137 1592 2247 1637 San-

1270 1663 1335 1712 &i
1355 1660 1558 1710 Andreae
1574 1697 1584 1707 .
1617 1662 1768 1709 Locus
1789 1659 1988 1709 Basilica:
2006 1663 2049 1707 S.
2073 1661 2250 1726 Angeli

1267 1751 1327 1783 ex
1346 1733 1512 1781 eadem
1533 1731 1693 1779 Mallii
1724 1731 1925 1780 leftione
1955 1733 2098 1780 etiam
2125 1731 2249 1777 erui-

1267 1817 1343 1850 tur
1361 1837 1376 1859 ‚
1392 1801 1559 1867 nempe
1579 1798 1705 1865 quod
1724 1813 1822 1848 erat
1848 1815 1954 1849 ante
1983 1800 2251 1866 Templum

1269 1876 1312 1920 S.
1330 1870 1595 1918 Petronillae
1632 1905 1641 1915 .
1679 1868 1895 1918 Dubium
1935 1873 2079 1939 igitur
2101 1885 2252 1916 rema-

1268 1955 1369 1998 net,
1388 1938 1582 1987 ubinam
1600 1938 1853 1988 &Andreae
1881 1941 2139 2008 Templum
2156 1934 2251 1984 fue-

1268 2014 1362 2069 rit,
1393 2010 1521 2076 quod
1552 2007 1810 2075 antiquitus
1834 2010 2120 2060 Vestiarium
2154 2009 2253 2055 Ne-

1269 2082 1393 2129 ronis
1424 2078 1711 2128 vocabatur.
1756 2081 1868 2129 Hoc
1890 2080 2090 2129 dubium
2119 2074 2254 2124 nobis

1271 2152 1497 2202 excitavit
1525 2153 1584 2197 D.
1604 2149 1762 2197 Petrus
1777 2149 1947 2197 Paulus
1977 2150 2035 2198 de
2058 2145 2251 2202 Rubeis‚

1274 2218 1481 2283 ejusdem
1513 2217 1712 2266 Bafilicae
1750 2218 2090 2275 Beneficiatus,
2122 2219 2171 2267 &
2195 2215 2254 2264 de

1274 2297 1371 2353 ejus
1401 2288 1533 2339 rebus
1560 2286 1804 2336 historicus
1834 2287 1973 2337 valde
2011 2287 2252 2337 eruditus.

1275 2364 1344 2408 At
1376 2357 1485 2406 cum
1513 2359 1729 2423 diligenti
1753 2361 2015 2407 attentione
2043 2356 2253 2424 praealle-

1265 2444 1432 2498 garum
1462 2430 1620 2475 locum
1651 2424 1707 2473 ab
1727 2429 2028 2493 Alpharano,
2058 2423 2253 2492 aliisque

1269 2495 1582 2564 Scriptoribus
1637 2493 1928 2564 descriptum
1992 2493 2253 2545 considera-

1269 2585 1401 2623 rem,
1437 2564 1577 2613 fitum
1596 2563 1847 2613 observavi
1879 2580 1984 2616 ante
2015 2566 2255 2633 Apollinis

1268 2638 1522 2703 templum,
1536 2636 1777 2683 il'lummet
1794 2633 1926 2685 fuisse
1939 2673 1955 2695 ,
1986 2638 2066 2703 qui
2083 2655 2120 2682 a
2135 2635 2255 2684 Mal·-

1269 2709 1334 2755 lio
1355 2705 1634 2754 describitur
1663 2723 1748 2772 pro
1769 2706 2004 2755 Vestiario
2021 2706 2226 2754 Neronis
2241 2739 2251 2749 .

1270 2780 1400 2825 Nam
1420 2774 1452 2823 fi
1471 2776 1643 2824 attente
1662 2774 1790 2823 istius
1812 2777 2035 2826 Austoris
2067 2791 2255 2832 vocem,

1268 2847 1410 2915 ibique
1427 2882 1441 2903 ,
1462 2844 1804 2913 perpendamus
1824 2865 1962 2904 ,cum
1997 2845 2134 2894 dietis
2166 2843 2254 2892 de,-

1271 2918 1508 2983 Apollinis
1544 2916 1724 2982 templo
1762 2914 2080 2965 connestenda
2116 2911 2255 2970 sunt3

1269 2986 1377 3034 cum
1396 2990 1443 3035 V
1447 2985 1683 3034 ostiarium
1696 2986 1822 3034 locus
1839 2983 2000 3043 fit,ubi
2019 2981 2244 3033 asservan-

1268 3070 1344 3104 tur
1369 3055 1513 3103 vestes
1532 3090 1542 3100 .
1563 3058 1618 3102 In
1633 3055 1720 3102 hoc
1739 3057 1881 3122 igitur
1905 3057 2009 3104 loco
2026 3088 2048 3109 ,.
2062 3048 2250 3117 quando

1263 3130 1396 3175 Nero
1412 3125 1539 3172 dirus
1558 3125 1635 3171 ille
1655 3127 1920 3192 Imperator
1944 3126 1989 3168 in
2010 3122 2152 3169 Circo
2171 3136 2250 3165 au-

1263 3195 1475 3264 rigabat,
1511 3206 1564 3240 ut
1583 3194 1836 3242 Suetonius
1866 3202 2055 3247 narrat,
2084 3186 2250 3237 verifi-

1275 3266 1453 3315 militer
1473 3261 1618 3312 vestes
1633 3299 1651 3323 ,
1677 3264 1853 3327 aliaque
1871 3261 2143 3332 Imperialia
2169 3257 2249 3306 de-

2112 3343 2252 3398 pone-
