2378 3674
242 225 273 254 x

245 319 511 433 cepit;
575 316 795 406 Urbs
839 317 981 403 issa
1018 317 1367 417 scilieet,
1431 314 1514 398 in
1564 342 1728 432 qua
1762 316 2039 401 omnia
2094 347 2261 403 om-

243 484 470 568 nium
505 483 872 596 gentium
921 479 1230 569 trutina
1265 475 1735 565 severiffime
1795 481 2262 568 examinan-

242 666 372 730 tur
404 709 424 737 ‚
480 645 568 731 ἃ
608 645 1175 757 expenduntur
1200 678 1225 753 ;
1264 645 1352 730 δί
1395 646 1616 749 cujus
1668 644 2070 751 judicium
2112 647 2260 725 Po-

247 804 455 922 pulis
521 806 763 890 etiam
822 804 1153 899 exteris,
1217 830 1308 884 ac
1372 800 1706 883 remotis
1767 828 1934 883 non
2004 793 2255 881 mod&

242 996 529 1058 verum
581 968 669 1054 ὃς
718 966 1129 1076 integrum
1165 1037 1183 1068 ,
1248 964 1444 1082 quin
1495 959 1746 1048 imm&
1791 963 2249 1049 &venera-

243 1122 409 1207 bile
459 1146 876 1236 reputatur
909 1190 926 1210 .

361 1286 777 1398 Superest,
821 1289 1456 1368 EMINENTISSIME
1506 1293 1883 1368 PRINCEPS
1916 1351 1938 1381 ,
1983 1303 2073 1366 ut
2108 1308 2258 1395 pro

242 1444 752 1531 humanitate
776 1510 795 1538 ,
825 1442 914 1527 &
953 1442 1551 1555 magnificentia
1585 1468 1725 1530 tua
1758 1444 2049 1529 calami
2089 1441 2256 1524 mei

241 1607 658 1692 audaciam
735 1601 1192 1689 excusatam
1273 1604 1471 1691 Velis
1519 1670 1532 1684 .
1612 1606 1800 1688 Scio
1880 1638 2057 1722 quae
2143 1603 2246 1687 de

243 1775 373 1856 Te
413 1773 834 1886 concipio,
900 1764 1309 1854 infinitum
1365 1760 1756 1849 subsidere
1801 1759 2012 1850 infra
2046 1767 2253 1852 fasti-

240 1935 370 2049 gia
425 1934 684 2019 Famae
719 2000 740 2031 ‚
805 1935 894 2021 &
960 1930 1385 2018 Dourinae
1444 1929 1693 2012 Tuae:
1758 1955 1851 2010 ac
1904 1929 2250 2042 proinde

238 2087 338 2175 ne
401 2092 675 2174 credas
738 2119 935 2187 oro,
999 2112 1086 2173 ut
1146 2086 1552 2178 voluerim
1613 2087 1916 2174 temere
1986 2118 2077 2173 ea
2125 2118 2248 2172 re-

238 2250 560 2334 censere
587 2315 609 2345 ,
655 2279 1000 2367 quorum
1036 2281 1186 2335 nee
1225 2248 1870 2364 magnitudinem
1911 2249 2245 2334 aestima-

237 2443 323 2495 re
361 2408 696 2527 possum.
727 2411 1012 2496 Testor
1046 2443 1318 2497 meum
1345 2442 1534 2526 erga
1563 2413 1693 2496 Te
1729 2412 2115 2512 animum,
2151 2411 2242 2498 &

239 2570 751 2688 obsequium:
815 2602 1005 2657 cum
1049 2603 1450 2690 nequeam
1499 2595 1635 2656 aut
1686 2572 2023 2658 reticere
2070 2602 2246 2685 quae

236 2733 337 2817 de
370 2735 498 2817 Te
528 2734 774 2817 sentio
801 2799 822 2829 ,
860 2756 995 2818 aut
1046 2764 1214 2819 non
1259 2735 1546 2819 sentire
1590 2764 1725 2828 ea,
1792 2764 1969 2850 quae
2016 2732 2246 2816 unus-

238 2892 559 3010 quisque
617 2895 848 2982 sentit
902 2959 922 2989 ,
1010 2925 1268 3010 pauca
1337 2895 1776 2981 delibando
1817 2962 1839 2994 ,
1918 2894 2246 2982 veritati
2335 2922 2338 2925 ·

236 3055 656 3174 indulgere
732 3059 1004 3177 potius
1048 3129 1070 3159 ,
1157 3053 1403 3178 quam
1475 3084 1924 3176 temperare
2002 3060 2243 3145 auda-

2096 3242 2240 3300 Clae

2372 3067 2376 3137 ὁ
