2378 3674
684 278 722 326 C
791 278 835 326 A
906 278 946 327 P
1020 278 1065 328 U

119 345 288 393 mentis
302 340 581 391 aedificatum
596 341 725 393 fuisse
737 379 752 401 ,
770 343 847 393 sed
865 343 978 394 cum
996 348 1095 393 ina-

119 417 477 462 nium-Deorum
492 411 602 462 esset
617 407 843 472 fanum,in
859 433 951 482 quo
974 419 1094 466 Her-

118 485 262 544 culis,
276 485 569 550 aliorumque
596 484 907 533 ridiculorum
923 489 1092 534 Numi-

119 570 234 601 num
272 551 516 601 fimulacra
538 570 669 603 erant
688 589 704 610 ,
740 555 831 603 illis
861 553 1089 618 disjeciis,

117 621 174 669 ab
194 625 324 671 omni
338 621 670 690 superstitionis
688 621 819 672 sorde
843 624 1090 693 expurgas-

117 691 162 740 se
178 729 193 750 ,
212 711 261 739 ac
278 695 322 740 S.
339 694 532 749 Mocio,
552 695 630 758 qui
652 696 876 757 Byzantii
896 697 1093 763 Martyr

117 761 371 818 occubuit,
398 758 658 810 dedicasse.
691 765 764 810 De
800 763 884 811 hoc
916 763 1090 813 celebri

118 832 327 898 Templo
342 832 475 897 plura
488 831 708 899 leguntur
719 831 841 900 apud
855 835 1091 883 incertum

120 903 339 949 Graecum
356 900 621 949 Authorem
640 937 655 958 ,
673 920 820 970 nuper
838 904 1090 953 Latinitate

115 970 345 1018 donatum
363 989 386 1016 a
410 972 486 1019 Cl.
502 973 623 1020 Viro
638 970 942 1031 Combefifio,
960 979 1088 1037 cujus

113 1040 341 1089 Auctoris
362 1039 505 1088 verba
527 1042 805 1090 inLatinum
823 1041 1089 1092 sermonem

114 1108 248 1159 versa
282 1108 344 1159 fic
386 1108 576 1159 sonant:
612 1112 761 1162 saneti
785 1112 930 1163 Mocii
969 1114 1093 1164 Tem-

112 1183 233 1248 plum
263 1198 288 1228 a
311 1182 596 1233 Constantino
632 1181 801 1252 Magno
821 1186 990 1248 pridem
1013 1206 1088 1233 ex-

111 1250 325 1300 {frustum
350 1252 418 1300 essi
430 1287 445 1308 ,
461 1255 552 1300 ciam
575 1253 720 1318 plures
746 1253 883 1302 Graeci
900 1256 997 1303 illic
1013 1257 1089 1303 ha-

111 1321 333 1379 bitarent,
369 1339 416 1369 ac
441 1339 529 1370 tum
559 1325 743 1372 rumille
762 1322 982 1387 Templum
1012 1345 1088 1373 ex·

112 1392 285 1441 struxit
294 1427 310 1448 ,
328 1392 484 1459 ‘'Jovis
504 1391 568 1441 ibi
579 1392 736 1460 fimum
751 1409 929 1443 extaret.
949 1393 1088 1445 Theo-

116 1461 227 1530 ‘'Ost‘’
266 1477 401 1510 autem
437 1459 609 1530 Magno
645 1463 902 1530 Imperatore
933 1500 948 1522 ,
978 1463 1099 1533 pulsi

115 1530 313 1600 Ecclestis
341 1532 534 1588 Ariani,
567 1536 659 1582 ciam
684 1535 744 1582 ad
768 1535 918 1584 SanHi
941 1532 1092 1584 Mocii

115 1601 336 1665 Templum
357 1602 571 1669 vemffent
591 1638 606 1660 ,
631 1620 678 1651 ac
707 1606 818 1653 locus
835 1605 1055 1672 placutffit
1074 1639 1089 1661 ,

105 1671 300 1739 porra-Hei
325 1670 581 1738 Imperatori
594 1674 903 1740 fhpplicatione
921 1711 936 1733 ,
960 1691 1007 1723 ut
1024 1675 1090 1726 ibi

115 1746 180 1790 eis
205 1741 383 1790 liberum
408 1743 504 1811 fft
527 1742 722 1792 habitare
738 1745 984 1811 ‚Principis
1013 1748 1093 1795 cle-

116 1817 277 1863 mentia
295 1831 381 1860 rem
409 1813 623 1861 obtinuere
642 1849 652 1860 .
685 1815 842 1865 Statim
861 1835 955 1885 ergo
983 1816 1099 1865 illud

115 1883 231 1932 idem
270 1881 488 1947 Templum
517 1888 751 1934 excitantes
782 1887 993 1936 divinum
1032 1890 1093 1951 ip-

106 1955 208 2022 sum
245 1952 441 2001 laudibus
485 1971 613 2003 annos
648 1956 809 2023 septem
844 1953 1096 2023 frequenta-

120 2038 223 2070 runt
243 2039 456 2091 :annoque
484 2024 648 2072 demum
665 2025 849 2091 septimo
864 2061 879 2082 ,
907 2025 1095 2093 iisdem-2

116 2091 251 2141 adhuc
265 2127 281 2149 ‚
310 2110 356 2141 ut
368 2091 498 2160 fama
523 2096 591 2144 ef?
607 2128 622 2150 ,
645 2096 788 2162 siveris
815 2096 1096 2161 operantibus,

107 2180 305 2227 *corruens
325 2197 340 2219 ,
384 2165 647 2212 Arianorum
683 2165 850 2215 turbam
865 2167 1096 2230 plurimam

117 2236 233 2287 inter
269 2237 417 2281 ruinas
454 2234 643 2300 oppreffit
674 2270 684 2279 .
717 2237 990 2303 &affiniano
1025 2256 1096 2287 au-

119 2317 204 2349 tem
234 2300 490 2367 Imperatore
508 2340 522 2360 ‚
545 2304 658 2353 idem
678 2307 821 2373 rursus
836 2305 1093 2372 Templum..

114 2374 329 2418 excitatur
345 2406 360 2427 ,
400 2374 599 2441 hodieque
617 2378 788 2437 perstat
819 2380 1062 2428 incolumss,
1080 2414 1091 2424 .

121 2438 361 2490 Marcellus
386 2440 703 2508 Lefforfiribit
721 2482 737 2502 ,
759 2462 867 2493 anno
893 2447 1093 2496 demum..

119 2508 296 2575 Imperii
316 2512 497 2560 Cononis
524 2511 662 2580 Isauri
671 2517 854 2583 ficundo
870 2516 1094 2583 Templum

119 2579 315 2647 corruiffi
335 2614 346 2626 .
371 2581 506 2633 Plura
534 2583 680 2630 etiam
711 2583 769 2631 de
804 2586 892 2633 hoc
921 2587 1092 2635 eodem

120 2646 264 2697 refert
301 2664 583 2699 memoratus
615 2655 694 2700 Du
721 2656 879 2719 Cange
913 2657 958 2701 in
977 2653 1094 2705 sum..

117 2716 527 2787 Constantinopoli
558 2721 820 2770 Christiana
839 2722 973 2789 lib.4.
987 2733 1092 2781 55.

122 2805 309 2837 numer.
326 2798 409 2848 65.

1140 276 1183 326 T
1280 274 1336 325 X
1352 275 1406 326 X
1421 273 1513 325 XI
1524 273 1596 324 X.

1288 418 1330 464 C
1366 418 1414 463 A
1449 416 1483 462 P
1521 416 1573 467 U
1610 412 1655 461 T
1728 418 1979 466 XXXIX.

1210 555 1280 605 De
1308 553 1489 623 Ecclefia
1517 554 1565 603 S.
1585 555 1787 623 ‘Joannis
1806 556 2042 623 Baptis‘lae.

1147 697 1227 826 S
1243 693 1350 759 AEpe
1365 693 1578 742 laudatus
1592 675 1668 743 o‘u
1686 697 1848 764 cange
1863 731 1878 753 ,
1895 696 2116 745 inexhau-

1265 761 1338 810 stae
1367 764 1578 813 leciionis
1596 766 1671 812 vir
1688 799 1704 821 ,
1721 764 1827 813 cum
1846 784 1939 814 non
1959 763 2112 814 solum

1146 835 1192 880 in
1220 832 1476 899 impreffis,
1495 832 1660 882 verum
1680 836 1825 882 etiam
1844 837 1889 882 in
1907 839 2018 884 Mss.
2038 853 2113 883 co-

1143 901 1325 950 dicibus
1355 903 1615 952 lectitandis
1633 921 1712 971 per
1744 906 1949 971 plurima
1971 903 2111 953 lustra

1140 990 1330 1040 operam
1349 969 1520 1022 dedisse
1535 974 1779 1023 audiamus
1795 1010 1810 1031 ,
1829 989 1881 1022 ut
1897 980 1991 1037 ejus
2005 992 2107 1024 eru-

1143 1041 1232 1089 diti
1275 1041 1455 1093 labores
1491 1041 1712 1091 testantur
1734 1079 1750 1101 ,
1791 1045 1837 1091 in
1866 1044 1942 1092 sua
1990 1047 2114 1093 Con—

1144 1111 1448 1181 stantinopoli
1500 1114 1761 1162 Christiana
1818 1112 2119 1181 saepccitatad

1143 1179 1225 1229 lib.
1245 1201 1292 1245 4.
1309 1189 1413 1246 1124.
1430 1200 1561 1232 num.
1574 1202 1622 1242 9.
1650 1179 1888 1246 cujusdam
1906 1182 2117 1233 Ecclefiae

1142 1253 1367 1299 meminit
1395 1271 1419 1299 a
1449 1252 1752 1302 Constantino
1781 1255 1959 1320 Magno
1990 1256 2113 1301 exci-

1128 1333 1246 1371 ,tatae
1280 1322 1325 1367 in
1346 1322 1573 1369 honorem
1588 1325 1631 1369 S.
1648 1324 1843 1390 Joannis
1878 1322 2116 1389 Baptistae3

1143 1403 1195 1437 ut
1235 1392 1282 1437 in
1320 1389 1597 1458 Originibus
1632 1388 2116 1459 Constantinopolita-

1142 1460 1212 1508 nis
1237 1461 1425 1508 ineditis
1452 1457 1546 1529 ipse
1572 1463 1774 1529 reperit:
1804 1461 1939 1524 hujus
1955 1476 2115 1510 autem

1142 1527 1326 1578 aedificii
1342 1565 1359 1588 ,
1374 1530 1502 1596 quod
1518 1529 1710 1579 sciamus
1722 1566 1738 1588 ,
1754 1532 1817 1578 nil
1836 1531 1962 1579 aliud
1980 1529 2116 1599 supe-

1143 1597 1231 1647 rest
1254 1635 1269 1657 ,
1302 1599 1386 1647 nisi
1404 1597 1529 1666 quod
1551 1602 1696 1649 muris
1728 1599 2018 1650 terrestribus
2044 1603 2114 1648 in-

1142 1669 1408 1731 cumberet.

1352 1808 1722 1861 CAPUT
1795 1808 1911 1887 XL.

1146 1949 1216 2000 De
1234 1947 1410 2014 Templo
1427 1948 1473 1997 S·
1492 1948 1648 1997 Aeacii
1675 1954 1713 1995 έν
1741 1946 1870 2009 Καςῦα
1886 1983 1902 2006 ,
1919 1952 1966 1996 in
1981 1951 2120 2013 Carya

1493 2020 1595 2067 olim
1624 2018 1738 2069 ditio
1757 2054 1766 2064 .

1260 2156 1524 2204 Eculiarem
1560 2154 1687 2205 suam
1719 2157 2120 2208 venerationem.»

1280 2243 1388 2292 erga
1419 2227 1464 2272 S.
1495 2228 1728 2275 Acacium
1751 2261 1767 2283 ,
1802 2228 1883 2291 qui
1925 2230 2118 2295 Marty-

1145 2296 1270 2341 rium
1287 2296 1511 2363 Byzantii
1526 2293 1605 2343 sub
1625 2296 1928 2344 Diocletiano
1951 2298 2117 2345 imma-

1146 2362 1330 2414 niffimo
1349 2365 1817 2414 Christianinominis
1842 2364 1968 2414 hoste
1999 2385 2121 2415 corn-

1147 2436 1300 2502 plevit
1315 2471 1331 2494 ,
1360 2434 1689 2485 Constantinus
1720 2432 1873 2484 Caesar
1888 2434 2089 2485 ostendit
2106 2473 2121 2494 ,

1146 2505 1263 2552 dum
1285 2507 1330 2552 in
1347 2510 1444 2568 ejus
1465 2505 1695 2569 honorem
1719 2505 1865 2553 aedem
1894 2505 2119 2554 Constan-

1146 2576 1347 2641 tinopoli
1365 2576 1412 2622 in
1441 2572 1729 2643 Heptascalo
1761 2572 2044 2632 aedificavit,
2067 2591 2121 2622 ut

1146 2641 1282 2712 supra
1309 2645 1476 2692 allatus
1492 2644 1703 2694 Codinus
1719 2644 1883 2690 author
1901 2643 1989 2692 est.
2012 2645 2118 2692 Plu-

1146 2732 1216 2763 res
1252 2732 1436 2782 quoque
1466 2715 1618 2762 Graeci
1657 2714 1912 2779 Scriptores
1943 2713 2001 2762 de
2033 2714 2121 2762 hoc

1147 2785 1358 2852 Templo
1389 2781 1532 2831 verba
1559 2780 1709 2830 fecere
1728 2818 1738 2827 .
1776 2782 2012 2850 Praecipue
2040 2801 2120 2832 ve-

1145 2855 1197 2901 ro
1216 2853 1263 2900 id
1296 2851 1471 2900 factum
1491 2866 1675 2899 enarrat
1696 2850 2008 2901 Macedonius
2040 2853 2121 2900 Pa-

1144 2921 1344 2971 triarcha
1374 2919 1917 2988 Constantinopolitanus
1934 2957 1950 2980 ,
1976 2941 2000 2969 a
2025 2939 2119 2988 quo

1144 2989 1438 3041 Constantini
1466 2987 1658 3039 Caesaris
1689 3008 1854 3058 corpus
1874 3009 1898 3040 e
1926 2988 2119 3040 Basilica

1145 3063 1221 3109 SS.
1251 3057 1590 3126 Apostolorum
1620 3095 1637 3117 ,
1674 3062 1859 3109 ruinam
1892 3063 2117 3109 minitan-

1146 3144 1192 3179 te
1207 3165 1222 3187 ,
1247 3129 1522 3179 translatum
1547 3127 1663 3177 fuit.
1693 3129 1957 3179 Historiam
1971 3132 2088 3180 hanc
2102 3168 2120 3190 ,

1144 3217 1244 3266 quae
1265 3199 1380 3247 scitu
1398 3197 1590 3265 quidem
1620 3199 1762 3268 digna
1780 3199 1973 3249 videtur
1986 3237 2003 3259 ,
2034 3203 2120 3248 Ni-

1145 3269 1372 3337 cephorus
1385 3267 1528 3330 lib.9.
1547 3287 1646 3338 cap.
1666 3289 1749 3333 42.
1769 3267 1829 3318 fic
1844 3273 2117 3339 exequitur:

1986 3340 2114 3391 Tem-
