2378 3674
635 227 1136 279 CAPVT
1240 234 1378 283 XX··
1823 251 1912 306 125

149 343 289 394 prope
307 358 322 384 ‚
353 342 488 391 quare
509 328 600 374 Leo
623 325 905 374 Beatissimus
921 328 1039 373 Pon-
1042 347 1083 393 A
1100 328 1185 383 vir,
1196 329 1272 394 qui
1287 326 1459 377 brachia
1473 347 1575 401 erga
1591 329 1818 387 Christum
1830 357 1981 392 exten*

148 395 253 445 tifex
271 428 285 453 ‚
301 413 396 443 non
416 394 676 445 eodemmet
690 397 791 444 loco
806 427 821 453 ‚
855 395 930 445 vbi
946 410 1039 443 erat
1099 396 1212 446 dunt
1229 432 1241 443 .
1259 398 1438 448 Ambos
1458 401 1540 450 hos
1555 407 1672 455 viros
1688 409 1886 478 Moysen
1905 444 1920 469 ,
1938 421 1985 478 Sc

142 469 330 533 antiqua
344 466 534 515 Ecclesia
545 497 562 525 ‚
576 465 649 515 sed
665 469 712 515 in
726 467 815 514 alio
828 468 1035 514 eminen-

142 537 244 584 tiori
260 567 274 591 ‚
303 536 444 603 prope
459 538 617 593 illum,
650 553 817 586 nouam
836 534 859 584 εὶ
876 534 1036 584 funda-

141 607 305 654 mentis
322 611 459 656 erexit
488 606 724 658 Ecclesiam
748 641 759 653 .
791 604 1031 672 quuid

141 674 198 722 de
211 675 290 724 hac
308 677 495 726 historiae
511 681 696 729 veritat'e
714 676 765 726 fit
784 708 799 733 ‚
816 680 1037 725 incertum

140 745 340 796 redditur
357 780 372 805 ‚
402 766 505 797 cum
539 747 658 816 apud
694 749 905 815 antiquos
932 745 1035 794 scri-

139 830 290 881 ptores
308 819 428 866 nulla
443 833 558 867 certa
579 823 818 886 reperiatur
842 818 1034 866 mentim

140 889 306 935 Putant
322 904 416 936 non
432 890 568 945 nulli,
585 904 634 938 vt
650 908 700 936 ex
715 891 933 937 Ciaconio
949 905 1032 935 no-

146 955 334 1004 uiffimae
361 958 570 1007 editionis
591 991 606 1016 ·,
636 962 873 1025 antiquam
914 959 1028 1005 hanc

1096 469 1246 517 Eliam
1275 469 1576 521 demonstrare
1606 477 1753 528 iudico
1771 514 1783 525 .
1810 483 1983 533 circa..

1095 537 1323 587 dexteram
1341 571 1356 596 ‚
1400 549 1446 592 ,δέ
1473 541 1685 594 sinistram
1718 551 1987 612 Saluatoris,'

1096 609 1316 657 Ioannem
1334 641 1348 666 2
1362 619 1406 658 δε
1422 613 1637 663 Iacobum
1652 615 1733 666 effe
1748 621 1981 672 confirmo.

1094 680 1156 725 Hi
1172 696 1330 727 omnes
1345 681 1636 732 candidorum
1654 688 1893 753 palliorum
1908 710 1982 740 ex-

1093 752 1370 808 tremitates,
1404 753 1542 801 veluti
1571 755 1628 802 ad
1649 758 1884 809 velandam
1918 752 1983 811 fass

1091 822 1203 868 ciem
1220 851 1235 876 ‚
1265 838 1353 886 prae
1372 823 1576 872 manibus
1593 839 1745 876 tenent
1759 862 1771 875 .
1793 833 1894 880 Hoc
1907 835 1996 887 a..u-'v

1090 905 1183 938 tem
1217 895 1347 958 paeto
1375 894 1597 942 Pietorem
1626 901 1868 963 exprimere
1899 888 1983 957 vio-1

1089 959 1208 1010 luiffe
1244 961 1432 1011 arbitror
1448 995 1463 1019 ,
1493 979 1543 1012 vt
1569 966 1786 1017 indicaret
1804 973 1937 1020 nimis
1956 971 1984 1020 εἴ

141 1026 383 1075 Ecclesiam
413 1028 614 1077 Fasciolae
644 1032 826 1078 titulum
853 1027 1027 1076 habuis-
1087 1030 1249 1079 Christi
1281 1032 1389 1080 facie
1404 1035 1645 1084 emicantes
1687 1039 1834 1087 radios
1852 1072 1867 1096 .,
1886 1045 1982 1108 qui

140 1093 184 1141 se
198 1126 214 1152 ‚
241 1100 318 1162 qui
335 1098 621 1163 postmodum
634 1102 681 1147 in
699 1103 767 1150 SS.
784 1102 950 1156 Nerei,
980 1107 1025 1146 ὃ(
1040 1127 1072 1168 Β
1090 1101 1457 1167 Apostolicorum
1487 1106 1782 1157 constantiam
1826 1104 1994 1160 oculo-³

141 1165 336 1214 Achillei
355 1184 655 1218 commutatus
676 1171 784 1219 fuit:
801 1186 849 1219 vt
865 1189 929 1218 res
944 1169 1026 1217 se„
1087 1189 1188 1219 rum
1215 1171 1327 1218 adeo
1343 1172 1683 1224 diuerberabant
1700 1210 1716 1234 ,
1749 1193 1799 1228 vt
1812 1198 1887 1229 eos
1903 1194 1976 1229 c0'..

111 1279 113 1282 ,
141 1234 301 1284 habeat
321 1268 335 1293 ,
366 1242 407 1286 S.
438 1242 682 1305 Gregorius
698 1241 932 1287 homiliam
947 1242 1026 1287 im,

140 1306 327 1354 Ecclesia
360 1312 430 1356 SS.
463 1312 632 1367 Nerei,
667 1318 714 1357 &
743 1310 932 1356 Achillei
961 1326 1026 1354 re-

119 1376 293 1422 'citauit
309 1407 324 1430 ,
353 1396 450 1442 quae
467 1396 522 1426 an
537 1379 677 1429 fitilla
696 1393 814 1435 met,
829 1377 934 1425 idest
949 1380 1030 1424 in-.'

139 1444 299 1491 eodem
316 1462 409 1493 met
427 1451 548 1513 antiq
560 1467 615 1496 uo
628 1449 710 1496 s1tu
726 1480 740 1503 ,
774 1466 931 1514 parum
960 1447 1029 1494 of-

138 1511 258 1571 ficit3
284 1533 386 1564 cum
406 1515 588 1566 sufficiat
610 1518 799 1573 nobis,s1
817 1520 917 1566 talis
946 1517 1024 1563 ad-

1082 1239 1263 1307 geret-,se
1276 1240 1317 1287 se
1328 1242 1545 1293 obuelare.
1561 1246 1662 1293 Post
1677 1251 1859 1296 Petrum
1872 1255 1979 1315 Rea-

1083 1310 1253 1358 tisfima
1272 1312 1408 1374 Virgo
1422 1311 1542 1359 sedet
1555 1343 1570 1368 ‚
1598 1314 1654 1360 ad
1685 1319 1809 1363 cuius
1829 1317 1978 1365 dexte-

1084 1398 1181 1427 ram
1195 1378 1275 1425 stat
1287 1381 1669 1446 Angelu53quibus
1684 1386 1977 1448 proculdubio

1086 1448 1374 1497 Sanetiffimee
1406 1453 1786 1501 Annunciationis
1818 1473 1977 1519 reprae-

1083 1520 1280 1568 sentatur
1299 1519 1560 1587 mysterium
1578 1525 1813 1573 :omnium
1830 1541 1979 1575 autem

139 1583 224 1630 huc
252 1588 401 1651 vigeat
416 1618 433 1645 ,
455 1588 819 1654 conserueturque
846 1605 1022 1636 memo·
1080 1591 1240 1638 harum
1256 1588 1443 1655 figurarit
1459 1592 1591 1638 niueo
1607 1592 1739 1640 vestes
1752 1595 1977 1643 albescunt

137 1655 200 1700 ria
217 1685 233 1710 ,
262 1657 387 1721 quod
419 1657 538 1706 idem
556 1662 595 1709 S.
629 1659 833 1707 Pontifex
847 1661 1023 1724 Grego-
1080 1663 1229 1709 colore
1244 1698 1254 1708 .
1270 1664 1323 1706 In
1340 1661 1546 1725 opposito
1562 1661 1688 1708 huius
1710 1664 1874 1711 Mufiui
1892 1680 1970 1711 an-

138 1725 225 1772 rius
241 1727 289 1773 in
302 1712 456 1776 eadem
472 1728 671 1777 habuerit
687 1729 923 1778 homiliam
941 1762 952 1774 .

244 1800 408 1838 Verum
421 1811 569 1847 autem
583 1800 759 1857 praefata
773 1800 1027 1854 Ecclefia,vt

1082 1731 1188 1797 gulo
1205 1757 1222 1783 ‚
1250 1726 1337 1773 fiue
1371 1741 1494 1791 parte
1525 1728 1682 1776 itidem
1700 1729 1891 1796 expressa
1914 1733 1972 1781 est

1085 1798 1241 1847 eadem
1253 1795 1510 1845 Beatiffima
1524 1798 1662 1862 Virgo
1674 1802 1969 1866 perstringens

135 1858 637 1912 ostendimus‚alaudato
650 1862 798 1905 Leone
812 1870 913 1911 Hm
930 1870 1072 1916 nun-0
1088 1872 1131 1910 {n
1149 1870 1324 1926 gremio
1350 1864 1493 1914 filium
1524 1866 1652 1915 suum
1680 1873 1962 1934 vnigenitum

138 1929 328 1977 dametis
341 1932 534 1977 extrusta
546 1928 886 1985 fuerit2facilime
901 1926 1026 1992 argui

139 1998 280 2065 potest
296 2030 310 2054 ‚
338 1998 443 2047 slcut
460 2007 505 2047 &
524 1998 752 2046 Muliuum
769 2014 880 2064 opus
893 1994 1026 2044 illud-

138 2085 233 2117 met
258 2066 337 2117 effe
354 2102 368 2126 ,
399 2068 521 2135 quod
548 2068 716 2116 ibidem
750 2069 806 2114 ab
839 2067 1029 2116 eodem„

137 2138 353 2188 Pontifice
368 2154 549 2187 ornatus
565 2138 706 2205 gratia
739 2137 915 2185 infiturn
930 2137 1028 2185 fuit.

138 2213 371 2259 Summam
385 2212 503 2257 enim
519 2209 683 2257 redolet
698 2210 1031 2274 antiquitatem,

142 2294 196 2330 Vt
215 2298 266 2327 ex
282 2280 430 2347 figuris
459 2293 636 2346 apparet
663 2281 709 2327 in
727 2278 923 2345 sequenti
939 2279 1029 2325 Ta-

139 2350 243 2398 bula
269 2355 525 2401 XXXVIII.
544 2346 1030 2418 expreffis.Transfigu-

141 2424 362 2469 rationem
379 2436 526 2469 autem
543 2426 604 2470 D.
639 2424 702 2469 N.
736 2418 828 2468 Iesu
862 2417 1027 2467 Christi

142 2489 417 2555 repraesentat
431 2492 551 2541 iuxta
565 2491 731 2541 Matth.
750 2490 1026 2556 Euangeliste

1085 1933 1230 1977 D.N.
1263 1935 1409 1984 Iesum
1427 1936 1655 1985 Christum
1669 1968 1686 1993 ,
1713 1937 1768 1985 fic
1786 1939 1976 2004 expressa

1085 1995 1142 2045 ad
1174 1994 1503 2047 ostendendum
1537 2031 1553 2053 ,
1597 2006 1722 2068 quod
1765 2007 1858 2074 ipsa
1887 2026 1978 2058 era-c

1087 2069 1285 2132 Deipara
1311 2097 1324 2111 .
1338 2066 1415 2113 Ad
1427 2069 1518 2116 eius
1533 2072 1727 2136 Virginis
1743 2074 1971 2138 dexteram

1086 2137 1168 2185 stat
1197 2136 1430 2201 Angelus3
1456 2155 1532 2186 cur
1559 2155 1710 2189 autem
1735 2144 1822 2192 hoc
1870 2149 1972 2195 loco

1088 2208 1291 2272 Angelus
1307 2205 1380 2253 iste
1395 2208 1608 2273 expressus
1621 2212 1750 2267 fuerit
1766 2232 1781 2271 3
1814 2231 1927 2280 puto
1946 2216 1972 2266 εὶ

1087 2277 1333 2327 Musiuario
1363 2275 1484 2325 fuiffe
1511 2281 1753 2347 expreffum
1770 2284 1826 2333 ad
1856 2287 1975 2336 indi-

1086 2346 1281 2396 candum
1299 2378 1315 2403 ,
1350 2347 1476 2411 quod
1509 2356 1865 2421 omnes'Angeli
1883 2388 1898 2414 ‚
1927 2366 1974 2407 &

1087 2423 1312 2467 Creaturae
1335 2416 1347 2462 i
1352 2416 1416 2480 psl
1432 2421 1664 2477 Creatori,
1695 2424 1813 2473 illius
1826 2428 1875 2474 in
1891 2427 1972 2474 ob-

1085 2491 1287 2556 sequium
1305 2486 1456 2555 praesto
1468 2487 1547 2537 effe
1561 2490 1743 2549 debent,
1759 2509 1808 2542 vt
1824 2497 1972 2546 innuit

148 2563 450 2610 narrationem
467 2581 558 2629 cap.
584 2577 652 2625 17·
666 2571 887 2610 numm&
903 2559 1027 2627 seqq.
1085 2567 1125 2611 S.
1144 2558 1415 2626 Augustinus
1432 2559 1479 2606 in
1503 2559 1611 2609 Psal.
1651 2573 1723 2622 56.
1748 2566 1862 2613 circa
1875 2585 1970 2615 me-

144 2632 306 2700 Etpost
323 2633 497 2698 diesfix
512 2636 684 2702 affiamit
704 2635 819 2699 Iefits
835 2636 1074 2693 Petrumfl)
1092 2633 1217 2681 dium
1235 2662 1250 2687 ,
1266 2630 1352 2678 ibi:
1384 2637 1543 2682 Omnes
1557 2635 1670 2683 enim
1686 2636 1842 2701 Angeli
1857 2640 1975 2687 crea-⁴

146 2717 212 2759 ξφ
228 2702 434 2751 Iacobum
450 2732 463 2747 2
496 2696 562 2762 ξφ
578 2711 602 2753 l
606 2722 787 2753 oannem
821 2708 1023 2753 Fratrem
1081 2703 1379 2770 turafiruiens
1395 2701 1560 2767 Christo
1573 2705 1718 2770 estAd
1730 2707 1973 2771 obsequium

145 2773 232 2820 eius
247 2802 261 2825 ,
293 2787 359 2828 ξφ
376 2773 493 2822 ducit
508 2776 605 2822 illos
619 2775 666 2822 in
681 2791 869 2823 montem
886 2776 1023 2823 excel·
1082 2775 1198 2825 mitti
1204 2786 1439 2843 potuerunt
1453 2776 1616 2839 Angeli
1634 2804 1651 2830 ,
1674 2774 1971 2839 adfirmatum

133 2844 242 2909 fiam
261 2844 459 2907 fiorfiam
477 2858 488 2887 :
517 2859 582 2900 ξφ
609 2845 939 2911 transfiguratus
969 2844 1025 2911 est
1083 2846 1200 2895 mitti
1203 2857 1442 2912 potuerunt
1455 2872 1470 2898 ³
1499 2860 1584 2891 non
1596 2846 1658 2893 ad
1678 2844 1971 2895 adiutorium:

144 2926 244 2959 ante
263 2930 325 2959 eos
338 2950 348 2960 .
381 2915 433 2957 In
447 2928 566 2958 arcus
599 2916 717 2960 enim
736 2914 1027 2963 summitate-2
1074 2919 1189 2983 sicut
1191 2915 1411 2981 scriptum
1425 2913 1482 2977 eft
1496 2941 1513 2967 ‚
1528 2915 1646 2978 qubd
1662 2916 1822 2979 Angeli
1839 2917 1969 2964 mini-

147 2981 345 3028 Christus
372 2981 599 3028 brachium
619 2980 844 3031 dexterum
867 2987 913 3031 in
930 2988 1028 3032 aetu
1076 2986 1287 3052 strabum
1316 2984 1353 3030 ei
1368 3012 1381 3035 a
1401 3000 1487 3030 non
1501 2996 1711 3048 tanquam
1726 2985 1968 3048 misericor-

153 3049 464 3106 benedicendi,
479 3051 674 3099 extendit
686 3083 700 3107 ‚
716 3058 834 3101 cuius
850 3054 1030 3104 tunica...
1087 3055 1158 3102 des
1191 3053 1402 3115 indigenti
1417 3083 1430 3106 ,
1443 3054 1529 3118 fid
1554 3066 1764 3119 tanquam
1781 3054 1969 3123 sitbiec‘b'

156 3120 306 3174 rubei,
324 3123 508 3186 pallium
529 3121 632 3170 vero
648 3122 733 3169 albi
745 3124 901 3169 coloris
918 3122 1029 3170 sunt.
1091 3123 1381 3189 Omnipotenti
1393 3154 1405 3165 ·
1436 3126 1506 3169 De
1533 3122 1618 3170 hoc
1635 3141 1717 3171 nos
1737 3129 1871 3172 etiam
1887 3125 1967 3172 fati

158 3190 236 3237 Ad
254 3190 443 3240 eiusdem
461 3193 693 3240 Saluatoris
716 3192 935 3240 dexteram
952 3193 1032 3240 stat
1091 3191 1237 3238 finnus
1254 3194 1299 3237 in
1315 3191 1461 3241 nostro
1475 3211 1603 3260 opere
1619 3198 1853 3244 Vct-Mon.
1868 3211 1961 3259 par⁹

158 3276 270 3311 vnus
292 3292 306 3317 2
322 3275 370 3310 vt
384 3265 518 3310 etiam
533 3263 585 3311 ad
604 3262 814 3312 sinistram
832 3263 911 3312 stat
927 3263 1033 3311 alter
1101 3278 1135 3308 1·
1151 3279 1244 3326 cap.
1265 3278 1337 3308 22·

1813 3333 1900 3380 Sub
