2378 3674
265 298 355 342 108
639 289 687 337 D
723 287 759 335 E
829 285 862 333 S
898 282 940 332 Α
976 284 1014 333 C
1052 283 1096 334 R
1131 280 1158 331 Ι
1192 283 1226 331 S

259 378 362 411 tum
384 357 573 425 est,qui
592 359 758 405 Romae
794 369 912 399 anno
940 357 1059 415 984.
1095 349 1238 399 finem

258 433 368 481 vitae
383 427 571 477 sortitus
588 427 709 482 fuit,
729 421 837 470 cum
858 417 969 471 effet
988 423 1123 470 unius
1144 457 1159 479 ,
1188 424 1238 472 ὃς

260 502 454 568 triginta
474 512 701 543 annorum
721 528 731 538 .

1300 275 1371 330 AE
1405 279 1451 328 D
1486 275 1513 326 Ῑ
1551 276 1590 326 F
1618 274 1646 325 I
1683 279 1720 328 C
1754 278 1780 327 I
1819 278 1846 328 I
1882 280 1912 328 S

1366 365 1446 409 52.
1485 346 1750 396 Cardinalis
1767 346 1958 395 Berardi
1976 348 2177 397 Heruli.

1364 432 1442 480 53.
1482 418 1642 467 Multa
1670 417 1760 463 alia
1780 415 2022 484 sepulchra
2043 454 2054 463 .

1364 505 1441 550 54.
1481 487 1795 554 Sepulchrum
1813 487 2029 534 Ardicini
2048 485 2274 537 Cardina-

331 585 409 628 39.
447 564 759 631 Sepulchrum
780 561 1015 612 Hadriani
1038 561 1124 610 PP.
1144 564 1235 610 IV.
1290 560 1344 607 lis
1365 562 1435 606 De
1451 559 1493 605 la
1511 557 1874 626 PortaJunioris
1893 591 1904 602 .

261 644 348 689 hoc
367 641 414 683 in
446 636 552 682 loco
572 631 712 682 fitum
740 632 828 684 est.
862 632 1027 690 (Cum
1042 631 1149 680 dico
1172 627 1237 679 se-

1364 645 1443 690 55.
1481 631 1649 697 Imago
1670 631 1713 675 S.
1733 627 1865 674 Pauli
1887 624 2101 693 Apostoli
2137 625 2278 675 musl-

260 708 512 779 pulchrum
530 739 546 763 ,
565 706 781 773 intelligo
799 706 1012 751 Statuam
1034 717 1239 749 marmo-
1289 717 1353 747 vo
1379 716 1520 766 opere
1537 697 1775 747 elaborata
1790 732 1806 754 ‚
1824 714 1923 763 quae
1956 696 2073 744 olim
2089 694 2278 746 extabat

259 793 385 827 ream
419 780 677 838 jacentem,
714 792 814 841 quae
833 774 951 822 olim
972 785 1074 821 erat
1093 771 1151 818 ad
1171 768 1236 818 se·
1291 772 1338 817 in
1356 767 1574 816 Tribuna.
1589 767 1645 816 ab
1665 768 1944 828 Innocentio
1961 762 2281 814 III-restaura-

260 846 513 918 pulchrum
530 866 546 906 3
562 844 691 911 quod
712 844 894 894 dietum
912 844 1058 892 etiam
1076 838 1135 888 fit
1153 857 1237 907 pro
1295 839 1410 898 ta,&
1428 838 1730 906 postmodum
1743 857 1768 885 a
1786 835 1946 906 Xysto
1966 836 2279 886 V.demolita.

260 914 560 985 sequentibus
585 915 790 964 numeris
813 949 823 959 .
843 922 866 976 )

328 1005 411 1050 40.
449 986 518 1033 Pii
536 987 599 1034 ΙΙ.
633 982 870 1034 Pontificis
909 982 1121 1030 tumulus
1149 978 1248 1040 est3

1372 917 1452 970 56.
1476 910 1752 957 Marmorea
1766 909 2282 963 Simulacra‚B.V.Ma-

1300 980 1436 1036 riam,
1453 996 1504 1026 ac
1524 977 1853 1047 SSJApostolos
1869 978 2079 1033 Petrum,
2095 976 2144 1026 δε
2165 977 2281 1025 Pau-

260 1063 396 1121 cujus
421 1068 695 1103 ornamenta
733 1069 999 1102 marmorea
1040 1053 1086 1098 in
1124 1051 1244 1097 cele·
1298 1050 1430 1106 lum,
1461 1065 1639 1096 necnon
1672 1049 1730 1096 ad
1761 1063 1925 1097 eorum
1955 1047 2093 1113 pedes
2128 1048 2278 1096 Nico-

260 1129 395 1176 brem
414 1123 667 1175 Ecclesiam
688 1127 731 1173 S.
754 1121 961 1173 Andreae
991 1120 1050 1172 de
1073 1121 1245 1171 Valle,-

261 1196 480 1244 translata
511 1192 644 1244 fuere
660 1231 671 1242 .

330 1285 414 1330 41.
453 1266 524 1312 Pii
542 1268 633 1313 ΙΙΙ.
672 1265 857 1311 Summi
892 1259 1132 1311 Pontificis
1171 1260 1246 1306 iti—

263 1336 374 1386 dem
406 1334 742 1403 sarcophagus,
776 1338 908 1398 cujus
933 1343 1248 1382 ornamenta...

262 1408 408 1455 etiam
429 1407 474 1453 in
491 1402 966 1454 eandem-Ecclesiam
984 1406 1026 1450 S.
1044 1400 1248 1449 Andreae

260 1474 456 1526 fuerunt
485 1475 702 1522 translata
722 1507 733 1519 .

331 1564 416 1609 42.
456 1545 650 1594 Nicolai
670 1545 733 1593 V.
755 1557 1078 1590 marmoreum
1100 1538 1251 1608 sepul-

262 1616 429 1663 chrum
445 1615 638 1672 est,cum
658 1610 795 1681 ipsius
812 1609 1053 1661 Pontificis
1070 1609 1248 1678 effgie.

342 1700 424 1749 43.
480 1685 721 1732 Tumulus
767 1685 913 1732 etiam
957 1697 1250 1730 marmoreus

262 1772 372 1803 cum
400 1752 557 1823 effigie
576 1754 707 1800 Pauli
730 1756 793 1801 11.

331 1844 414 1888 44.
445 1826 568 1894 julii
592 1826 655 1872 II.
676 1824 725 1874 ὃ(
743 1822 937 1871 Nicolai
958 1822 1052 1871 ΙΙΙ.
1090 1820 1250 1890 sepul-

260 1894 371 1942 chra
392 1896 467 1942 hic
484 1893 619 1950 sunt,
634 1910 837 1958 quorum
858 1893 1003 1950 etiam
1023 1894 1250 1958 imagines

262 1964 429 2012 caelatae
450 1976 708 2012 cernuntur
727 1998 738 2009 .

334 2050 417 2097 45.
441 2034 571 2080 Scala
589 2029 757 2100 est,per
773 2048 913 2097 quam
939 2028 996 2078 ad
1014 2030 1250 2078 Palatium

264 2105 561 2152 Vaticanum
592 2100 886 2158 ascenditur,
918 2102 968 2151 δε
1001 2117 1084 2168 per
1111 2117 1253 2166 quarn

263 2171 514 2220 Pontifices
531 2174 578 2218 in
595 2173 831 2221 Vaticano
853 2170 1135 2227 habitantes,
1149 2186 1251 2216 ora-

266 2243 402 2290 tionis
436 2240 572 2290 causzi
599 2240 657 2289 ad
687 2237 1037 2291 Confeffionem
1057 2242 1107 2286 B.
1125 2240 1249 2288 Petri

263 2309 440 2360 secrete
469 2309 690 2359 accedere
723 2312 969 2367 volentes,
1002 2307 1250 2358 descende-

266 2380 415 2437 bant,
452 2397 593 2445 quam
627 2382 870 2446 antiquam
903 2382 1250 2428 Summorum

263 2447 549 2498 Pontificum
582 2448 893 2497 devotionem
934 2448 1099 2496 nostris
1136 2463 1252 2498 tem-

267 2517 462 2587 poribus
485 2519 696 2564 imitatus
723 2517 787 2566 est
805 2521 849 2565 S.
868 2521 1118 2566 Memoriae
1139 2519 1250 2567 Cle-

264 2606 393 2637 mens
410 2590 530 2655 Papa
552 2591 642 2638 IX.
664 2593 794 2648 cujus
825 2589 982 2635 anima
1017 2591 1064 2634 in
1081 2602 1251 2636 aeterna

266 2658 593 2708 benediRione
614 2654 692 2704 fit.

337 2736 419 2792 46¹.
459 2728 766 2795 Sepulchrum
788 2762 804 2784 ,
840 2726 898 2774 ad
932 2726 1131 2774 aliorum
1156 2721 1249 2773 for-

269 2816 398 2847 mam
415 2833 430 2854 ,
455 2796 640 2851 Urbani
663 2800 754 2846 VI.

340 2885 421 2930 47.
460 2869 683 2933 Sequitur
712 2865 843 2915 aliud
857 2863 1157 2935 sepulchrum
1174 2868 1251 2914 In-

271 2940 484 2987 nocenti}
504 2940 622 2986 VII.

341 3012 422 3071 48.
461 3006 612 3054 Aliud
637 3005 803 3055 itidem
823 3007 1045 3055 Marcelli
1064 3010 1134 3057 II.

343 3097 423 3140 49.
464 3078 727 3125 Innocentii
749 3080 840 3126 IX.

346 3163 423 3206 50.
461 3145 727 3195 Cardinalis
745 3145 951 3206 Fonsecae
966 3182 975 3192 .

349 3230 371 3273 5
387 3234 425 3261 ι.
464 3215 679 3264 Ardicini
705 3215 967 3266 Cardinalis
990 3218 1062 3263 De
1081 3216 1125 3264 la
1148 3215 1255 3263 Por-

275 3299 322 3329 ta
350 3285 549 3333 Senioris
568 3321 578 3331 .

1299 1121 1427 1167 laum
1454 1120 1542 1167 III.
1561 1119 1629 1169 ³&
1661 1122 1941 1181 Cajetanum
1973 1115 2282 1166 Cardinalem

1301 1186 1532 1242 Urfinum
1551 1188 1826 1254 genuflexos
1845 1183 2221 1255 repraesentantia
2238 1221 2250 1233 .

1373 1275 1450 1319 57.
1498 1260 1673 1327 Magna
1713 1259 1866 1325 imago
1905 1256 1969 1306 est
2009 1254 2288 1305 Beatiffimae

1302 1327 1550 1375 Trinitatis
1566 1362 1582 1384 ,
1623 1329 1942 1396 anaglyphico
1960 1343 2131 1394 opere,
2166 1343 2288 1375 mar·

1301 1415 1435 1445 more
1464 1396 1694 1465 insculpta
1716 1434 1726 1445 .

1375 1472 1453 1527 58.
1471 1468 1519 1517 δε
1541 1484 1618 1529 59.
1660 1471 1776 1515 Duae
1802 1484 2076 1515 marmoreae
2096 1466 2285 1521 Statuae,

1301 1534 1470 1586 eadem
1488 1536 1640 1585 forma
1657 1535 1903 1586 elaboratae
1922 1571 1936 1594 ,
1955 1532 2287 1602 SS.Apostolos

1302 1609 1493 1656 Petrum
1512 1642 1528 1665 ‚
1566 1607 1616 1657 ὅ(
1644 1607 1842 1654 Paulum
1872 1605 2249 1674 repraesentantes
2268 1640 2286 1662 ,

1304 1696 1402 1744 quae
1439 1679 1553 1725 olim
1592 1675 1770 1724 stabant
1795 1676 1853 1724 ad
1886 1677 2183 1744 sepulchrum
2206 1677 2288 1723 Be-

1305 1745 1430 1797 rardi
1448 1747 1710 1796 Cardinalis
1731 1748 1905 1795 Heruli
1927 1783 1937 1792 .

1371 1826 1457 1866 60,
1499 1816 1671 1865 Itidem
1695 1834 1839 1884 prope
1858 1816 2021 1864 relatas
2054 1814 2285 1882 imagines

1303 1887 1511 1953 sequitur
1528 1888 1616 1933 alia
1632 1923 1647 1943 ,
1663 1883 1877 1934 similiter
1895 1887 1941 1932 in
1961 1902 2216 1940 marmore,
2236 1886 2288 1935 &

1303 1958 1470 2007 eadem
1483 1954 1636 2004 forma
1655 1954 1849 2023 sculpta,
1866 1974 1964 2022 quae
1983 1956 2098 2002 olim
2121 1967 2223 2002 erat
2242 1958 2289 2003 in

1304 2026 1550 2094 sepulchro
1569 2027 1695 2074 Pauli
1718 2027 2172 2074 II.Sum.Pont.Evae
2190 2021 2287 2072 for-

1307 2099 1569 2146 mationem
1592 2115 1615 2144 e
1636 2095 1754 2144 costa
1779 2097 1940 2144 Adam
1961 2095 2185 2143 denotans
2202 2129 2213 2139 .

1374 2175 1457 2217 61.
1512 2165 1662 2215 Aliud
1695 2162 1847 2213 fimile
1881 2177 2253 2213 ornamentum-,2
2271 2196 2289 2219 ,

1305 2241 1432 2304 quod
1451 2250 1550 2285 erat
1567 2238 1610 2282 in
1631 2235 1798 2283 eodem
1828 2232 2071 2302 sepulchro
2092 2269 2109 2292 ,
2131 2236 2175 2280 in
2194 2249 2289 2299 quo

1305 2309 1473 2354 vilitur
1489 2304 1626 2353 arbor
1643 2322 1752 2353 cum
1784 2303 1995 2372 serpente
2009 2339 2026 2362 ,
2043 2306 2123 2371 qui
2148 2305 2258 2351 Evae
2271 2336 2291 2361 ‚

1304 2378 1353 2427 &
1372 2376 1488 2423 Adae
1518 2372 1763 2421 inlidiatur
1780 2410 1790 2420 .

1373 2445 1513 2493 62&
1530 2453 1612 2500 63.
1652 2442 1956 2491 Suntitidem
1979 2442 2066 2490 alia
2087 2458 2290 2492 marmo-

1306 2532 1383 2562 rea
1400 2526 1667 2562 ornamenta
1686 2548 1702 2569 ,
1728 2531 1827 2579 quae
1845 2515 1962 2560 olim
1983 2509 2128 2581 posita
2155 2526 2290 2563 erant

1305 2584 1362 2632 ad
1386 2580 1558 2651 praefati
1582 2584 1713 2629 Pauli
1738 2586 1799 2631 ΙΙ.
1820 2584 1868 2633 ὃ(
1886 2581 2068 2632 Callisti
2086 2584 2179 2632 111.
2221 2581 2287 2633 sc-

1305 2655 1582 2722 pulchra‚ac
1600 2650 1734 2720 super
1754 2654 1843 2700 illis
1863 2655 2017 2721 imago
2048 2654 2099 2699 B.
2121 2655 2286 2721 Virgi-

1306 2742 1373 2771 nis
1391 2725 1554 2771 Mariae
1571 2720 1754 2770 musivo
1772 2740 1913 2790 opere
1931 2718 2162 2790 expressa,
2186 2741 2288 2788 quae

1302 2795 1420 2842 olim
1439 2806 1538 2842 erat
1555 2793 1612 2841 ad
1630 2793 1929 2860 sepulchrum
1949 2794 2143 2861 joannis
2171 2794 2282 2842 VII.

1372 2872 1456 2927 64.
1492 2867 1694 2931 Magnus
1713 2861 1778 2911 est
1807 2864 1940 2931 lapis,
1957 2862 2284 2931 anaglyphicis

1308 2934 1527 3002 operibus
1546 2947 1671 2981 totus
1692 2930 1972 2991 elaboratus,
1991 2950 2091 2999 quae
2115 2929 2281 2982 Cruci-

1304 3004 1529 3053 fixionem
1547 3005 1590 3050 S.
1609 3004 1735 3051 Petri
1770 3001 2099 3071 repraesentant
2114 3036 2125 3046 .

1372 3083 1456 3135 ὅς.
1497 3071 1767 3121 Praenobilis
1786 3108 1802 3130 ‚
1831 3092 1882 3121 ac
1911 3074 2038 3119 mirae
2058 3069 2284 3117 caelaturae

1305 3160 1593 3193 marmoreus
1640 3140 1943 3211 sarcophagus
1977 3138 2114 3207 Junii
2164 3135 2284 3185 Baffi

1306 3213 1455 3269 Urbis
1475 3209 1697 3268 Praefeffi,
1717 3215 1763 3259 in
1778 3217 1907 3275 cujus
1925 3206 2155 3276 superiori
2174 3209 2283 3257 lim-

1305 3284 1366 3333 bo
1389 3285 1482 3332 haec
1499 3284 1718 3350 leguntur
1739 3316 1750 3326 .

2186 3346 2285 3414 ‘Ju-
