2378 3674
234 278 328 324 234

613 257 712 308 DE
770 254 1117 307 nvOBUS
1164 249 1871 308 EMBLEMATIBUS

229 348 276 382 te
316 330 517 394 Antiqui
550 326 811 393 depingere
845 322 1221 381 consueverint,
1277 326 1419 370 meris
1471 323 1673 389 pendere
1720 327 2077 393 conspiciuntur
2101 363 2111 374 .

227 410 320 466 jam
365 401 412 445 in
449 396 746 445 antecedenti
780 392 1081 442 Emblemate
1128 394 1214 442 de·

233 469 490 519 monstravi
513 502 525 513 .

317 543 480 588 Meam
511 534 794 582 sententiam
831 530 925 600 ipsa
958 532 1216 582 confirmat

230 615 387 676 imago
407 643 421 664 ,
459 623 559 672 quae
583 601 709 651 sacra
745 603 810 652 est
832 639 848 661 ,
885 605 935 653 ἃ
967 603 1216 653 Christum

230 679 494 729 Dominum
521 673 730 723 nostrum
760 671 1063 741 repraesentat
1081 711 1095 732 ,
1134 676 1214 741 qui

227 749 283 797 ab
308 747 477 795 iisdem
497 743 655 813 priscis
675 743 918 793 Fidelibus
943 746 988 791 in
1011 746 1216 815 Juvenis

228 821 432 867 formam
447 852 462 873 ,
479 813 674 864 detonso
693 817 845 883 capite
862 851 878 872 ,
897 813 1214 883 utplurimum

227 886 571 957 appingcbatur
585 921 602 943 ,
639 899 691 933 ut
711 887 756 932 in
772 885 987 953 praesenti
1006 887 1216 934 cernitur

231 959 451 1010 orbiculo
482 979 497 1018 ;
544 974 595 1003 ac
628 955 754 1024 apud
786 954 1033 1004 laudatum
1068 957 1215 1004 Arin-

228 1031 397 1100 gliium
421 1029 464 1074 in
488 1026 685 1075 diversis
705 1025 956 1084 Iconibus,
996 1025 1053 1074 ab
1080 1043 1134 1075 eo
1151 1028 1217 1073 31-

232 1100 368 1156 latis,
405 1095 569 1146 videre
596 1095 660 1146 est
687 1133 702 1155 ‚
739 1097 816 1163 qui
839 1099 889 1147 &
915 1099 1149 1146 rationem
1169 1098 1217 1143 in

231 1168 401 1220 eodem
423 1168 566 1217 lib.6'.
587 1186 688 1235 cap.
711 1186 785 1226 17.
809 1170 1017 1235 allegat3
1048 1184 1218 1233 nempe

230 1239 360 1308 quod
381 1242 507 1287 Deus
529 1255 769 1304 nunquam
788 1234 980 1287 senescit
999 1276 1009 1285 .

316 1309 470 1358 Modo
506 1306 760 1376 singulares
808 1308 948 1376 ipsius
982 1307 1215 1375 Imaginis

232 1395 384 1451 partes
402 1381 624 1428 examino
643 1415 658 1435 ,
676 1396 727 1425 ac
744 1377 800 1425 ab
820 1380 1109 1427 indumentis
1127 1378 1216 1423 ini-

231 1455 354 1500 tium
373 1449 503 1497 sumo
525 1485 534 1494 .
575 1449 789 1517 Togatus
810 1451 957 1517 igitur
979 1451 1051 1496 vir
1073 1466 1214 1515 appa-

231 1535 304 1570 ret
325 1555 341 1579 ,
376 1521 456 1586 qui
477 1517 615 1586 super
641 1533 799 1586 togam
830 1533 958 1568 tenet
975 1520 1215 1578 Pallium3

232 1610 257 1641 e
292 1588 471 1639 sinistro
503 1591 645 1638 latere
675 1590 768 1637 lata
798 1588 935 1637 fascia
967 1588 1216 1658 procedit,

232 1662 405 1709 dextro
433 1658 477 1708 se
498 1658 732 1708 insinuans
768 1659 960 1709 brachio
993 1696 1003 1706 .
1063 1663 1218 1710 Crura

230 1730 449 1780 sandaliis
477 1731 642 1780 vestita
663 1729 822 1780 habet.
871 1731 1216 1798 Perpendoita-

230 1819 319 1869 que
340 1803 496 1869 primo
523 1802 628 1849 loco
651 1814 837 1867 togam,
866 1820 965 1868 quas
984 1799 1126 1868 usque
1160 1800 1218 1849 ad

233 1889 386 1940 genua
420 1869 463 1920 se
481 1871 725 1928 extendit,
764 1872 878 1920 latas
904 1869 1074 1920 liabens
1111 1889 1212 1918 ma-

232 1945 359 1991 nicas
371 1964 386 2002 3
400 1960 544 2008 quare
567 1943 886 1990 Dalmaticam
905 1942 1218 1998 chirodatam,

236 2010 354 2061 idest
372 2013 659 2060 manicatam
679 2013 1009 2079 appellandam
1032 2010 1117 2061 effe
1138 2030 1218 2079 pu-

235 2100 287 2132 to
305 2117 320 2140 ,
358 2100 550 2148 quaeque
567 2102 592 2129 a
617 2082 847 2132 Collobio
873 2080 1033 2131 differt
1051 2118 1065 2139 ,
1102 2082 1211 2130 cum

236 2151 358 2201 istud
378 2150 546 2216 absque
567 2153 759 2199 manicis
778 2151 835 2200 fit
857 2187 868 2199 .
896 2154 1053 2215 Hujus
1076 2152 1215 2201 indu-

235 2224 385 2271 menti
405 2239 576 2289 genus,
615 2236 772 2269 narrat
787 2221 1034 2271 Salmasius
1054 2225 1101 2269 in
1128 2222 1216 2271 suis

235 2294 360 2342 notis
380 2293 437 2340 ad
459 2293 745 2341 Tertulliani
769 2291 945 2341 librum
970 2293 1028 2341 de
1047 2294 1214 2351 Pallio,

237 2361 362 2431 apud
395 2364 610 2428 antiquos
644 2364 810 2412 molles
834 2399 850 2421 ,
907 2366 958 2415 &
989 2364 1213 2413 delicatos

235 2429 367 2483 fuisse
386 2433 431 2478 in
448 2430 532 2479 usu
545 2468 560 2489 ‚
581 2432 705 2498 quod
721 2469 737 2490 ,
755 2437 982 2501 temporis
1005 2432 1212 2502 progres-

235 2502 287 2551 su
313 2538 328 2559 ,
370 2515 464 2549 tam
485 2500 724 2569 Episcopis
742 2540 758 2563 ‚
794 2508 934 2569 quam
959 2507 1181 2553 Diaconis
1201 2542 1216 2562 ‚

237 2570 545 2622 Subdiaconis
562 2608 578 2630 ,
616 2574 665 2622 &
694 2573 987 2640 Presbyter-is
1008 2577 1215 2623 Romani

234 2642 482 2693 Pontifices
507 2639 827 2691 concesserunt
859 2680 874 2700 ‚
914 2647 962 2694 &c
995 2645 1103 2692 ideo
1132 2642 1215 2692 sibi

238 2715 486 2783 proprium
503 2710 655 2762 fecere
671 2749 687 2770 ,
705 2727 758 2760 ut
780 2713 1118 2762 eruditissimus
1138 2718 1217 2762 Du

237 2788 400 2851 Cange
422 2786 468 2831 in
484 2781 564 2831 suo
582 2801 757 2851 magno
778 2780 1014 2833 Gloffario
1031 2782 1217 2833 abunde

236 2853 525 2903 demonstrat
545 2890 555 2900 0

309 2929 364 2973 In
383 2939 584 2989 utroque
604 2925 805 2972 humero
823 2924 920 2973 duo
939 2922 1066 2992 signa
1087 2961 1102 2982 ,
1141 2942 1218 2973 ve-

239 2996 330 3041 luti
349 2992 451 3041 duae
472 3012 624 3061 parvae
656 2991 805 3042 fasciae
826 3014 849 3052 ,¹
880 2992 975 3042 five
995 3015 1121 3052 zonae
1145 2996 1217 3042 vi-

241 3062 401 3112 ·{izntur
418 3102 433 3123 ‚
469 3081 579 3129 quas
599 3065 663 3111 nil
685 3064 815 3112 aliud
836 3065 1060 3115 denotare
1080 3080 1217 3113 autu-

1345 390 1504 441 Fascia
1523 390 1669 450 vero,
1705 411 1806 459 quae
1830 414 1855 444 e
1875 394 2055 446 finisti-0
2073 395 2261 446 descen—

1272 464 1342 510 dit
1362 465 1506 512 latere
1537 500 1552 521 ‚
1592 464 1908 531 proculdubio
1940 469 2260 516 Laticlavium

1270 536 1468 582 denotat
1504 569 1519 591 ‚
1565 533 1694 600 quod
1724 536 1974 584 Senatoriae
2005 573 2020 594 ,
2061 537 2180 586 ficut
2206 538 2257 588 δε

1270 602 1695 672 Angusticlavium
1731 604 1966 670 Equestris
2009 609 2259 674 dignitatis:

1273 675 1457 743 signum
1491 687 1591 723 erat
1613 710 1623 720 .
1679 679 1735 723 In
1769 676 2025 725 Laticlavii
2055 680 2258 726 locum-2

1272 742 1689 811 Archiepiscopale
1722 747 1926 794 Pallium
1951 783 1967 805 ‚
2008 749 2055 794 in
2090 751 2258 815 Angu-

1268 816 1428 866 sticlav
1441 816 1723 871 ii‚Orarium
1736 817 1859 882 apud
1876 817 2050 866 Christi
2062 836 2170 866 anos
2187 820 2262 865 Sa·-

1270 885 1484 936 cerdotes
1506 881 1756 933 succeffiffe
1784 887 1945 948 judico
1967 924 1976 933 .

1341 959 1488 1021 Supra
1510 956 1831 1003 Dalmaticam
1853 955 2096 1023 quoddam
2121 957 2261 1006 indu-

1272 1038 1488 1077 H‘iel'itum
1506 1061 1521 1082 9
1558 1021 1634 1073 seu
1666 1038 2002 1093 tegUmCHtUffl
2022 1029 2258 1087 Cernitur,
2330 1048 2338 1053 “

1272 1095 1401 1164 quod
1427 1096 1652 1152 Palliurn,
1668 1097 1833 1145 Italic&
1852 1096 2257 1154 Mantelleeno-

1273 1170 1508 1223 minatur,
1547 1168 1664 1213 acin
1681 1165 1795 1214 duas
1812 1167 2051 1217 dividitur
2069 1166 2260 1227 formas,

1276 1255 1446 1303 nempe
1465 1236 1510 1282 in
1532 1237 1737 1284 Pallium
1759 1236 2149 1306 Philosophicum
2167 1274 2183 1295 ,
2204 1258 2256 1287 ac

1273 1310 1466 1374 vulgare
1485 1342 1495 1352 .
1536 1309 1648 1355 Hoc
1667 1307 1985 1373 quadratum,
2025 1309 2145 1356 illud
2177 1327 2258 1357 ve·-

1272 1381 1325 1428 ro
1347 1380 1497 1425 altero
1516 1376 1765 1444 oblongius
1781 1393 1904 1437 erat,
1924 1379 2037 1428 acin
2059 1382 2258 1427 circum-

1268 1449 1549 1508 ferentiam,
1587 1448 1645 1496 ad
1665 1447 1805 1495 nostri
1827 1451 1959 1498 Pallii
1981 1447 2255 1497 similitudi-

1271 1539 1381 1570 nem
1404 1555 1419 1577 ‚
1459 1516 1698 1567 desinebat
1730 1555 1745 1576 ‚
1784 1519 1891 1567 curn
1929 1519 2049 1569 illud
2079 1518 2257 1587 supra...

1272 1596 1493 1641 humeros
1516 1589 1719 1652 dejicere
1737 1625 1752 1647 ,
1769 1592 1818 1640 ὃς
1837 1592 2148 1658 complicare,
2160 1588 2257 1641 five

1275 1665 1359 1719 fillo
1378 1675 1534 1709 totum
1554 1675 1715 1728 tegere
1735 1659 2147 1728 corpusfacillime
2164 1658 2261 1729 pos-

1273 1740 1439 1790 finnus.
1482 1734 1537 1780 In
1571 1732 1704 1792 liujus
1741 1732 1900 1779 locum
1929 1767 1944 1788 ,
1987 1748 2069 1800 pro
2100 1734 2258 1780 Sacer·
2315 1763 2324 1776 i

1276 1813 1444 1861 dotum
1469 1801 1749 1850 indumento
1776 1838 1790 1859 ,
1828 1801 2051 1851 Pluviale'
2077 1797 2256 1850 succes-

1277 1875 1373 1932 fiss'e
1393 1871 1596 1920 arbitror
1614 1908 1625 1918 0
1664 1875 1825 1939 Qiare
1846 1870 2053 1940 prasenti
2074 1872 2120 1917 in
2138 1872 2256 1940 fgu·

1279 1971 1326 2000 sa
1362 1937 1627 2011 expressum
1661 1978 1676 1999 ‚
1728 1942 2113 2011 Philosophicum
2153 1943 2256 1990 Pal‹

1278 2025 1398 2071 lium
1417 2054 1430 2075 ‚
1466 2013 1641 2077 judicio
1676 2030 1782 2060 meo
1800 2048 1815 2070 ,
1854 2011 2150 2081 reprcesentat
2172 2047 2183 2057 .

1344 2085 1489 2137 Pedes
1519 2081 1735 2131 sandaliis
1762 2122 1776 2143 ,
1815 2080 1892 2132 seu
1920 2084 2114 2151 caligiS,
2153 2077 2253 2130 five

1272 2159 1436 2210 calceis
1452 2167 1700 2221 teguntur.
1735 2156 1926 2202 Horum
1948 2156 2251 2200 indumento»

1274 2248 1382 2280 rum
1417 2243 1560 2295 genus
1603 2222 1726 2291 apud
1767 2224 1979 2289 antiquos
2007 2226 2252 2271 Romanos

1268 2317 1433 2371 parurn
1470 2292 1732 2361 discrepans
1761 2291 1853 2340 fuit
1886 2315 1900 2353 3
1951 2311 2060 2340 nam
2094 2290 2253 2356 quoad

1267 2372 1471 2421 formam
1494 2362 1643 2413 ferme
1674 2362 1800 2411 idem
1835 2377 1937 2410 erat
1958 2401 1972 2423 ,
2008 2357 2255 2409 differebat

1268 2443 1387 2492 vero
1408 2436 1662 2501 inligulis,
1704 2431 1936 2490 materia,
1973 2433 2171 2491 colore,
2205 2431 2256 2480 &

1271 2510 1458 2563 fibulis,
1494 2502 1688 2569 aliisque
1718 2500 1854 2568 signis
1886 2538 1902 2560 ,
1940 2501 1998 2551 ad
2031 2500 2254 2550 nobilita-

1271 2597 1368 2629 tem
1393 2572 1724 2625 ostendendam
1759 2572 2028 2621 adinventis
2054 2608 2065 2618 .
2106 2571 2255 2625 Unde

1271 2648 1515 2701 Rubenius
1533 2647 1604 2692 De
1631 2644 1791 2691 calceo
1810 2644 2054 2691 Senatorio
2082 2660 2182 2710 cap.
2203 2661 2252 2705 4.

1272 2725 1395 2769 inter
1415 2716 1633 2764 Patritios
1649 2753 1662 2775 ‚
1698 2716 1748 2763 ὃς
1765 2715 2034 2762 Senatorios
2052 2714 2252 2769 calceos,

1268 2789 1424 2840 solum
1438 2789 1484 2834 in
1500 2786 1756 2852 ligularum
1771 2783 2030 2833 inflexione
2045 2784 2252 2849 aliquam

1269 2857 1401 2909 fuisse
1423 2852 1737 2905 differentiam
1758 2867 1892 2922 putat
1917 2890 1928 2900 .
1968 2855 2107 2902 Alios
2136 2850 2249 2901 vero

1275 2928 1507 2979 inferi0ris
1541 2924 1828 2973 conditionis
1847 2925 2061 2972 homines
2091 2957 2105 2978 ,
2142 2919 2248 2969 fim-

1273 3004 1414 3069 plices
1435 2993 1640 3046 habuisse
1671 2996 1839 3062 ligulas
1870 2991 2072 3042 ostendit
2090 2991 2250 3060 Julius

1273 3074 1517 3137 Nigronus
1546 3068 1592 3113 in
1625 3065 1706 3113 suo
1729 3064 1930 3112 tra&atu
1961 3068 2034 3112 De
2066 3060 2213 3126 caliga
2236 3096 2247 3105 .

242 3149 353 3189 mo,
372 3130 455 3180 nisi
475 3135 556 3181 illa
575 3131 974 3201 superhumeralia
995 3138 1221 3204 ligamen·
1266 3141 1445 3212 Judico
1478 3138 1623 3203 igitur
1640 3172 1655 3192 ‚
1693 3139 1892 3184 leonem
1925 3135 2040 3181 hanc
2065 3132 2251 3178 Senato-

242 3215 288 3247 ta
318 3236 333 3257 ,

244 3268 647 3322 Subdiaconorum
677 3277 957 3325 Dalmaticis
983 3312 998 3334 ‚
1047 3295 1106 3325 ex
1133 3276 1219 3323 hu·-

379 3220 477 3266 quae
512 3204 654 3252 hodie
682 3206 728 3251 in
763 3206 1089 3255 Diaconorum
1119 3241 1136 3263 ‚
1171 3206 1220 3254 &
1274 3231 1363 3260 rias
1383 3209 1580 3273 caligas,
1618 3202 1716 3253 five
1746 3207 1923 3253 calceos
1951 3197 2251 3268 repraesenta·

1275 3300 1353 3337 re,
1391 3276 1498 3327 cum
1518 3273 1713 3324 diversae
1733 3278 1779 3322 in
1803 3271 1968 3321 iisdem
1996 3283 2250 3320 cernantur

2134 3340 2254 3406 liguu
