2378 3674
766 239 1269 328 CAPUT

291 417 703 466 SECTIO
790 420 934 465 XV.

117 561 189 609 De
213 558 418 611 Partibus
436 558 726 626 fitbterraszeis
756 590 771 611 ,
823 554 925 617 five
950 554 1096 604 Sacris

275 632 454 698 Cryptis
494 631 696 680 Vaticanae
719 625 912 693 Bastliqae
929 661 940 671 .

250 773 349 818 Am
369 768 611 815 interiores
629 802 644 824 ,
681 766 822 830 quam
841 764 1099 813 exteriores

266 840 402 899 hujus
423 837 615 902 inclytae
648 832 851 883 Bafilicae
882 870 896 891 ‚
936 835 1099 899 eique,

116 907 380 970 adjacentes
399 905 594 954 fabricas
612 905 860 972 diligenter
879 901 1097 952 lustravi-

115 994 238 1035 mus,
259 991 396 1043 atque
419 975 770 1044 perpendimus,
789 972 1102 1022 narravimus-

115 1066 207 1114 que
232 1084 246 1105 ‚
281 1049 436 1095 varios
472 1043 784 1094 Sanffiffimos
816 1042 1097 1100 Pontifices,

115 1115 362 1182 variosque
382 1115 742 1185 Augustiffimos
763 1121 1095 1184 Imperatores,

117 1185 395 1256 Regesque,
433 1200 570 1252 atque
605 1188 837 1253 Reginas,
872 1202 1094 1234 necnon„

117 1259 234 1305 alios
266 1255 601 1321 cujuscumque
632 1257 846 1324 generis,
898 1272 993 1310 non
1020 1251 1094 1301 so-

112 1326 217 1374 lum
246 1327 294 1372 in
315 1324 520 1374 aedificiis
538 1361 552 1382 ‚
592 1339 729 1391 atque
748 1322 1003 1381 ornatibus,
1018 1341 1096 1372 ve-

113 1395 220 1445 rum
255 1398 400 1444 etiam
435 1398 480 1442 in
517 1395 706 1443 dotibus
732 1431 748 1451 ,
784 1409 919 1461 atque
953 1393 1098 1441 dona-

113 1468 193 1514 riis
241 1484 430 1533 magnas
469 1467 778 1533 pecuniarum
816 1463 1101 1513 insumentes

114 1536 348 1594 summas,
364 1535 489 1602 quai]
506 1530 692 1583 certaffe
713 1571 722 1580 .
763 1537 838 1583 Ne
861 1537 1006 1601 igitur
1028 1548 1099 1582 tot

117 1604 448 1673 religiosorum
461 1642 477 1664 ,
506 1607 786 1673 piorumque
803 1606 1095 1652 hominum-2

115 1679 292 1745 periret
326 1678 589 1732 memoria,
625 1676 758 1722 varia
785 1673 912 1723 fuere
944 1675 1098 1724 etesia

115 1747 531 1811 monimenta,quae
547 1747 594 1791 in
611 1746 785 1793 veteris
803 1742 1003 1794 Basilicae
1016 1746 1096 1794 de-

116 1816 367 1864 molitione
397 1815 570 1882 partim
590 1814 744 1862 diruta
759 1850 775 1872 ,
809 1817 979 1880 partim
999 1815 1094 1863 alio

116 1885 331 1934 distrasta
349 1884 455 1932 sunt
473 1907 486 1946 3
504 1887 552 1934 ὃς
569 1903 624 1933 ne
642 1902 699 1933 ex
719 1885 803 1931 hac
824 1883 1095 1933 demolitio·

113 1974 170 2003 ne
191 1953 284 2021 ipsa
304 1957 597 2003 monimenta
614 1957 662 2002 in
680 1954 940 2002 oblivionis
967 1969 1095 2004 tene*-

114 2025 206 2072 bris
226 2023 557 2073 delitescerent
579 2061 595 2082 ‚
632 2022 737 2091 piei,
775 2025 1095 2092 peculiarique

114 2099 448 2144 Romanorum
477 2094 759 2142 Pontificum
790 2130 804 2151 ‚
843 2092 1097 2160 praesertim

112 2166 245 2213 Pauli
267 2168 328 2214 V.
351 2164 699 2231 vigilaiitiai,illa
722 2166 768 2210 in
783 2163 1098 2213 subterraneis

111 2234 324 2298 ejusdem
346 2233 546 2282 Baiilicae
565 2233 774 2304 partibus
797 2270 813 2292 ‚
849 2252 948 2301 quse
979 2253 1099 2282 nunc

117 2309 315 2372 Cryptae
339 2304 732 2361 denominantur,
750 2302 880 2353 fuere
897 2306 1099 2353 colloca-

118 2386 165 2419 ta
184 2409 193 2418 .
213 2377 370 2440 Qiare
388 2411 403 2432 ,
426 2388 479 2423 ut
495 2372 901 2423 curiofitatiiimul
917 2412 932 2432 ,
950 2394 1000 2422 ac
1016 2377 1099 2443 piae

118 2443 329 2491 Lestoris
343 2446 588 2493 devotioni
606 2443 941 2493 satisfaciamus
954 2480 969 2502 ,
988 2463 1100 2493 non-

118 2514 249 2559 nulla
269 2509 518 2579 insigniora
553 2518 845 2563 monimenta
864 2551 880 2573 ,
922 2533 1021 2582 quae
1050 2518 1096 2564 in

118 2579 298 2631 eisdem
322 2596 483 2631 extant
503 2586 707 2652 Cryptis
723 2620 738 2642 ,
775 2585 1010 2650 hodieque
1030 2589 1097 2633 vi·-

114 2652 310 2708 suntur,
346 2655 721 2721 eorumdemque
748 2669 994 2721 propterea
1025 2656 1095 2704 lo-

116 2739 284 2781 corum
308 2757 324 2779 ,
360 2735 497 2786 atque
516 2727 818 2791 Cryptarum
846 2725 1094 2792 ichnogra-

117 2794 280 2862 phiam
305 2793 586 2857 exponimus
612 2795 659 2839 in
683 2792 804 2840 Tab.
823 2797 992 2844 XXV.

192 2881 233 2909 1.
275 2865 517 2910 Numerus
547 2859 757 2928 designat
789 2865 1098 2923 Oratorium,

116 2930 216 2982 sive
263 2932 543 2998 Cappellam
582 2929 854 2979 Beatiffimae
887 2934 1098 3000 Virginis

114 3004 281 3053 Mariae
300 3000 509 3049 Porticus
521 3037 535 3059 ,
557 2998 618 3048 fic
633 3000 766 3049 diPtae
781 3037 797 3058 ‚
814 3003 923 3066 quia
939 3003 1096 3052 infra„

115 3076 356 3122 columnas
375 3069 582 3119 Porticus
614 3073 788 3119 veteris
823 3070 1025 3122 Basilica>
1043 3093 1093 3122 O-

117 3143 202 3190 lim
230 3140 421 3191 extabat
446 3178 455 3187 .
512 3143 621 3207 Qa
643 3141 702 3190 de
735 3159 782 3191 re
809 3142 908 3190 fust}
929 3145 1096 3192 citatus

113 3211 369 3281 Turrigius
393 3231 497 3280 pag.
524 3227 601 3269 33.

183 3300 227 3327 2-
269 3285 436 3331 Altare
472 3281 651 3331 ibidem
676 3281 871 3332 existens
888 3319 903 3341 ,
933 3284 979 3329 in
999 3301 1091 3349 quo

1407 271 1434 321 I
1466 273 1520 324 V.
2037 291 2056 320 1
2069 293 2094 320 o
2109 293 2125 321 1

1152 341 1317 391 visitur
1335 343 1493 410 imago
1512 338 1722 404 ejusdem
1744 342 1895 389 Bearae
1914 343 2128 410 Virginis

1152 414 1439 479 Mariae,quae
1457 413 1770 478 Unigenitum
1781 412 1959 460 Filium
1974 410 2128 471 suum,

1154 503 1205 531 ac
1238 485 1504 531 Dominum
1534 480 1745 530 nostrum
1770 480 1941 550 Jesum
1985 484 2127 531 Chri-

1152 553 1275 602 stum
1302 554 1625 619 amplexatur.

1250 638 1292 680 3.
1343 625 1453 671 Hoc
1482 625 1528 670 in
1564 625 1670 670 loco
1688 623 1888 687 antiquae
1922 619 2129 671 Bafilicae

1153 693 1484 760 ichnographia
1512 692 1695 759 depiRa
1713 690 1778 739 est
1793 727 1809 748 ,
1829 705 1881 739 ut
1896 710 1979 741 nos
1995 690 2131 760 supra

1152 766 1200 811 in
1218 763 1461 813 Tab.VII.
1481 762 1857 811 exhibuimus.ln
1870 763 1972 810 aliis
1986 765 2131 811 etiam

1153 835 1286 896 hujus
1307 834 1545 901 Cappellae
1572 833 1714 889 locis,
1753 832 2011 899 praesertim
2042 835 2130 882 in..‚

1151 903 1330 952 fornice
1343 940 1358 961 ,
1376 904 1455 969 qui
1475 900 1613 950 valde
1633 898 1851 950 demissus
1868 900 1949 961 est,
1968 916 2128 952 vetera

1155 975 1341 1023 Altaria
1363 972 1597 1022 delineata
1614 987 1895 1030 cernuntur,
1914 971 1991 1021 sed
2018 972 2129 1022 cum

1152 1046 1233 1092 illa
1250 1051 1346 1106 jam
1374 1041 1510 1110 supra
1526 1041 1737 1112 pluribus
1764 1044 1811 1090 in
1836 1040 2032 1091 Tabulis
2048 1063 2129 1092 nos

1149 1112 1487 1162 ostenderimus
1500 1149 1517 1172 ,
1537 1131 1588 1160 ac
1606 1109 1986 1179 descripserimus
2002 1148 2019 1170 ,
2051 1113 2126 1161 hic

1150 1199 1361 1250 repetere
1382 1185 1691 1250 incongruum
1709 1180 1808 1230 fore
1827 1195 2047 1248 putamus
2064 1220 2076 1230 .

1199 1272 1248 1315 4.
1268 1256 1541 1301 Marmorea
1557 1251 1797 1301 Benedisti
1812 1254 1931 1301 ΧΠ.
1951 1253 2131 1321 imag0,'

1149 1327 1281 1384 juxta
1298 1339 1438 1388 quam
1459 1318 1646 1386 sequens
1675 1322 1849 1386 legitur
1877 1318 2127 1389 Inscriptio

1150 1394 1294 1440 etiam
1313 1407 1548 1439 marmore
1570 1387 1825 1457 insculpta,
1862 1393 2057 1457 nempe:

1225 1479 1269 1523 5.
1308 1461 1568 1513 Benediffus
1586 1458 1709 1509 XII.
1736 1461 1854 1526 Papa
1873 1461 2131 1527 Tholosimus

1136 1534 1253 1603 fecit
1262 1536 1371 1601 fieri
1388 1534 1439 1581 de
1455 1551 1567 1581 novo
1585 1530 1696 1580 ιεὲἶιι
1714 1532 1837 1595 bajus
1852 1532 2127 1600 Bafilicaesub

1150 1624 1260 1655 anno
1276 1604 1459 1652 Domini
1477 1602 1539 1652 Ν.
1554 1598 1881 1652 MCCCXLI.
1900 1602 2130 1668 Magift'er

1150 1677 1306 1729 Paulus
1330 1673 1379 1722 de
1394 1674 1517 1722 Senis
1535 1668 1717 1737 mefecic
1732 1707 1742 1716 .

1220 1749 1292 1795 De
1324 1745 1408 1791 hac
1441 1743 1646 1812 imagine
1671 1738 1964 1789 differuimus
1989 1738 2127 1809 supra

1148 1814 1232 1865 sub
1250 1833 1381 1863 num.
1402 1819 1482 1876 48.

1218 1896 1267 1934 6.
1310 1887 1470 1931 Statua
1495 1898 1760 1945 marmorea
1783 1883 1827 1927 S.
1845 1882 2037 1928 Petrum
2064 1878 2131 1930 se-

1149 1955 1340 2004 dentem
1358 1951 1683 2020 repraesentans
1696 1986 1713 2008 ,
1734 1963 1785 1996 ut
1802 1950 1866 1998 est
1886 1951 1969 1997 illa
1988 1968 2129 2007 aenea,

1149 2043 1249 2091 quae
1278 2019 1486 2091 superius
1517 2020 1576 2068 ad
1599 2017 1788 2088 praesens
1821 2020 1868 2065 in
1897 2017 2132 2068 Basilica*

1151 2095 1359 2143 cernitur
1381 2129 1392 2140 .
1427 2092 1565 2142 Olim
1594 2103 1700 2138 ante
1719 2091 1921 2157 Regiam
1941 2094 2133 2152 januam

1152 2162 1315 2220 stabat,
1336 2164 1384 2211 ὅ(
1403 2163 1447 2208 in
1465 2159 1674 2221 ejusdem
1693 2162 1736 2206 S.
1751 2160 1875 2208 Petri
1893 2156 2007 2207 festo
2027 2160 2127 2207 Plu.

1154 2235 1265 2282 viali
1281 2268 1296 2291 ,
1316 2250 1367 2278 ac
1387 2227 1535 2278 Mirr}
1550 2265 1565 2286 ,
1583 2225 1848 2294 caeterisque
1866 2227 2131 2276 Sacerdota-

1153 2302 1274 2353 libus
1315 2300 1606 2348 indumentis
1645 2300 1801 2346 ornari
1845 2299 1990 2345 etiam
2031 2315 2132 2346 mos

1153 2387 1251 2424 erat
1272 2409 1281 2419 .
1323 2374 1395 2419 De
1415 2371 1498 2417 hac
1522 2387 1604 2417 nos
1626 2364 1758 2434 supra
1775 2368 1920 2415 locuti
1942 2367 2099 2415 sumus
2117 2403 2133 2425 ,

1154 2443 1234 2493 ubi
1254 2442 1312 2492 de
1329 2442 1449 2489 atrio
1479 2440 1613 2501 hujus
1637 2435 1839 2485 Basilicas
1857 2438 2061 2504 egimus.

1235 2532 1280 2573 7.
1318 2515 1649 2560 Marmoreum
1675 2504 1994 2574 fragmentum
2021 2543 2035 2563 ,
2084 2510 2132 2555 in

1149 2602 1242 2650 quo
1265 2582 1496 2630 memoria
1514 2578 1725 2629 Concil'ii
1757 2575 1905 2624 habiti
1933 2577 2017 2624 hac
2044 2579 2132 2625 in..‚

1147 2652 1314 2703 eadem
1334 2648 1526 2699 Basilica
1561 2665 1677 2695 anno
1714 2662 1828 2705 732.
1858 2664 1881 2691 a
1901 2646 2132 2695 sanstissi-

1148 2743 1228 2773 mo
1258 2719 1476 2770 Pontifice
1495 2716 1730 2784 Gregorio
1750 2718 1840 2764 ΙΙΙ.
1867 2729 2029 2763 contra
2058 2735 2133 2766 ne-

1149 2806 1308 2865 gantes
1323 2791 1467 2839 sacras
1484 2786 1899 2852 Imagines,caelata
1912 2783 2005 2846 est3
2021 2787 2130 2845 hoc,

1150 2862 1260 2913 cum
1288 2880 1313 2906 a
1331 2857 1554 2923 temporis
1582 2854 1811 2903 edacitate
1848 2850 2129 2906 servatunh

1150 2931 1294 2981 fuerit
1312 2963 1327 2984 ‚
1363 2925 1555 2986 sequens
1579 2922 1643 2974 est
1658 2960 1669 2970 .

1220 3002 1346 3051 Petro
1362 3032 1378 3054 ,
1414 2996 1669 3062 Theophano
1685 3029 1700 3051 ,
1714 2995 1863 3064 Sergio
1872 3029 1888 3052 ,
1905 2995 2128 3064 “Jordasm

1136 3073 1211 3140 seu
1239 3069 1451 3137 “Johanne
1470 3103 1480 3112 ·
1519 3066 1816 3118 Adffantibus
1839 3085 1991 3134 quoque
2012 3069 2128 3118 Dia-

1147 3139 1315 3188 conibus
1334 3174 1343 3184 .
1383 3137 1567 3206 Mofiho
1594 3137 1933 3194 Archidiacono,
1965 3139 2127 3190 Zacca-

1147 3214 1216 3258 ria
1230 3245 1245 3266 ,
1282 3210 1496 3277 “Johanne
1523 3244 1539 3265 ‚
1577 3207 1888 3274 Theophulac‘ffo
1911 3243 1927 3265 ,
1963 3226 2124 3276 atqua,

1145 3280 1362 3331 Gemmulo
1378 3315 1393 3337 ,
1417 3282 1502 3329 vel
1512 3279 1656 3329 canesio
1675 3282 1713 3330 C
1715 3281 1799 3328 lero
1814 3314 1825 3325 .
1865 3279 2127 3346 Antefaflus

1932 3351 1993 3399 D.
2015 3351 2124 3400 Gre-
