2378 3674
291 269 313 296 2
331 269 348 297 1
363 269 388 299 ο

288 318 707 385 Etymologiarum
726 312 897 373 lib.17.
916 330 1073 378 cap.9.
1087 313 1269 379 duplex

289 404 493 455 etymon
518 384 743 452 exponit,
770 400 940 447 nempe
967 380 1028 429 fic
1046 395 1267 431 vocatam

286 455 420 510 fuisse
435 475 460 504 a
485 454 718 516 medulla3
736 469 844 501 nam
859 452 977 503 Ilum
996 456 1154 503 Varro
1173 465 1266 499 tra-

290 530 364 579 dit
393 524 481 577 effe
518 521 679 573 ferulae
725 522 991 572 medullam
1026 558 1044 581 ,
1082 540 1268 588 quam-2

288 597 517 654 εἰσφὸθηεκον
543 594 699 645 Graeci
717 606 887 643 vocant
898 614 914 656 3
925 594 1176 642 nonnullos
1190 611 1270 641 ve-

287 671 342 720 xo
359 687 384 715 a
398 664 607 715 feriendo
634 664 854 713 Ferulam
873 660 1039 713 dixisse
1059 700 1070 711 .
1091 666 1164 712 De
1181 667 1269 712 Ca-

289 739 402 787 buta
419 772 436 795 ‚
452 733 532 784 seu
559 733 797 783 Cambuta
813 769 830 793 ‚
852 731 995 785 refert
1013 731 1269 784 eruditiffi-

287 825 392 858 mus
425 810 505 854 Du
539 807 701 872 Cange
731 805 777 851 in
810 801 893 853 suo
926 822 1101 873 magno
1133 801 1268 853 Glos.

290 895 457 927 vocem
478 876 700 945 gallicam
725 870 811 925 effe
827 894 907 936 ,ac
929 872 1271 932 Cambuccam‚

287 951 338 1004 ὃ(
384 945 682 997 Cambocam
734 944 865 994 idem
903 940 989 995 effe
1039 942 1269 1004 ostendit,

288 1018 415 1087 quod
451 1018 593 1067 etiam
632 1016 788 1064 innuit
832 1014 1024 1067 Voffius
1060 1014 1119 1064 de
1157 1017 1263 1065 Vit.

289 1091 393 1140 Lat.
429 1085 565 1136 serm.
605 1082 810 1133 scribens
835 1121 852 1143 ‚
889 1103 1141 1154 perperam
1176 1087 1269 1154 legi

288 1160 412 1229 apud
438 1155 725 1207 Durandum
747 1155 1027 1207 Sambucam
1046 1193 1056 1206 .
1079 1156 1270 1211 Brevis-

289 1230 403 1282 fime
431 1229 597 1277 harum
618 1243 797 1276 vocum
816 1225 996 1276 ostensa
1025 1229 1272 1295 etymolo-

293 1299 376 1372 gia
399 1336 414 1358 ,
440 1297 586 1347 modo
614 1297 672 1345 ad
704 1293 877 1364 species
909 1297 1269 1348 deveniendum

291 1368 457 1424 censeo
476 1404 486 1416 .
522 1368 720 1415 Baculus
748 1364 989 1416 Pastoralis
1021 1366 1148 1417 idem
1166 1404 1183 1427 ‚
1220 1387 1272 1415 ac

290 1441 474 1494 Pedum
502 1436 567 1488 est
590 1473 606 1496 ‚
636 1434 746 1488 cum
777 1438 1055 1486 incurvatus
1083 1435 1139 1486 fit
1164 1474 1180 1497 ‚
1219 1456 1271 1485 ac

289 1510 374 1563 sub
397 1506 652 1560 Cambucae
678 1507 873 1556 nomine
904 1509 1076 1566 etiam,
1107 1520 1161 1557 ut
1187 1525 1273 1556 nu..

292 1599 376 1646 per
400 1579 609 1629 diximus
638 1614 654 1636 ‚
684 1578 1147 1647 comprehendatur.
1185 1581 1271 1627 Fe.

290 1646 395 1704 {ula
413 1650 601 1719 proprie
641 1649 800 1717 planta
823 1647 916 1706 est,
950 1666 1051 1715 quae
1068 1649 1273 1702 hominis

289 1721 599 1774 altitudinem
629 1716 907 1786 quandoque
936 1719 1127 1769 excedit
1153 1742 1169 1782 3
1194 1718 1275 1771 ha-

291 1794 374 1844 bet
395 1789 635 1858 quandam
665 1786 1031 1841 similitudinem
1057 1808 1168 1839 cum
1191 1785 1276 1843 foe„

290 1864 451 1915 niculo
471 1898 487 1921 2
507 1863 628 1911 itaut
647 1878 671 1907 a
698 1857 981 1926 quibusdam
1010 1862 1275 1931 plantarum

291 1935 466 2004 ignaris
505 1928 794 1981 foeniculum
832 1927 1070 1999 sylvestre
1113 1934 1274 1981 creda-

293 2019 372 2052 tur
395 2040 406 2050 .
442 2007 553 2051 Duo
569 2007 666 2065 ejus
690 2018 862 2068 genera
888 1998 976 2052 effe
1003 1999 1155 2050 asserit
1180 2006 1274 2052 Pli-

292 2076 399 2125 nius
425 2072 507 2121 lib.
530 2088 605 2130 13.
629 2089 729 2139 cap.
753 2089 835 2119 22.
874 2090 1023 2121 unum
1045 2070 1276 2143 assurgens

297 2148 344 2195 in
369 2143 671 2192 altitudinem
685 2177 701 2200 ‚
715 2144 765 2192 &
782 2142 1048 2193 Narthecam
1061 2162 1085 2190 a
1100 2145 1276 2194 Graecis

294 2215 488 2266 vocari:
521 2214 726 2262 alterum
758 2214 876 2261 vero
909 2212 1094 2284 semper
1113 2215 1274 2264 humi-

295 2288 373 2343 lu,
405 2304 455 2333 ac
473 2283 594 2335 istud
613 2282 899 2336 Narthecium
921 2286 1181 2354 appellari,
1210 2306 1279 2334 ca-

292 2356 404 2405 lidis
431 2353 554 2403 nasci
580 2354 695 2403 locis
713 2390 730 2413 ‚
767 2368 906 2422 atque
941 2369 1064 2404 trans
1091 2359 1241 2406 maria
1261 2393 1277 2415 ,

294 2425 576 2496 geniculatis
606 2424 831 2474 nodatam
852 2424 1033 2495 scapis,
1062 2428 1280 2494 nullique

293 2497 526 2548 truticum
565 2496 815 2544 levitatem
860 2502 1089 2562 majorem
1129 2493 1279 2555 effe„

296 2585 397 2636 quae
423 2565 486 2615 ob
505 2564 554 2613 id
570 2601 586 2623 ,
602 2562 784 2633 gestatu
801 2563 982 2616 facilior
1003 2567 1069 2618 est
1086 2603 1102 2625 ,
1132 2570 1182 2617 ὃς
1200 2566 1277 2614 ba-

298 2639 520 2689 culorum
537 2634 676 2685 usum
698 2633 926 2688 senestuti
957 2635 1165 2707 praebet3
1194 2655 1277 2685 un-

296 2709 357 2758 de
390 2712 537 2758 Vates
553 2707 756 2757 cecinit:

367 2777 593 2846 Calfacit,
622 2793 824 2829 extenuat
840 2813 856 2836 ,
875 2775 1031 2846 ferula
1059 2776 1129 2826 eff
1157 2776 1284 2825 bacu-

440 2850 581 2919 lusque
593 2848 775 2919 seneffia?
794 2883 805 2894 .

386 2919 683 2986 Hujusmodi
721 2916 899 2968 vilibus
936 2919 1121 2967 Baculis
1160 2917 1282 2965 anti-

298 2989 457 3057 quitus
489 2987 593 3039 usos
619 2987 753 3038 suiffe
788 2986 1037 3057 Episcopos
1073 2987 1283 3036 indicavi

301 3062 348 3109 in
368 3060 497 3110 dieto
528 3078 635 3108 meo
654 3059 884 3109 Tractatu
910 3059 969 3108 de
987 3064 1154 3110 Veter.
1172 3062 1284 3106 Mo-

303 3131 420 3178 nim.
452 3131 576 3179 Part.
598 3132 636 3178 1.
657 3148 755 3197 cap.
784 3146 861 3191 15.
891 3127 1130 3198 progressu
1167 3127 1285 3177 vero

304 3202 532 3265 temporis
558 3203 605 3247 in
622 3218 803 3258 aurem,
818 3202 867 3251 &
886 3214 1126 3269 argenteos
1154 3194 1289 3247 cesse-

304 3284 354 3320 re
371 3306 388 3330 ,
407 3281 461 3316 ut
481 3286 538 3316 ex
566 3269 701 3320 sacris
729 3270 936 3321 vestibus
968 3286 1161 3340 arguere
1183 3267 1286 3338 pos.-

687 244 806 296 DE
879 242 1120 293 ROM.
1193 240 1876 295 PONTIFICIS

1322 311 1480 360 sumus
1495 346 1512 369 ‚
1525 329 1626 377 quae
1644 311 1772 379 prius
1788 315 1923 362 lineae
1940 350 1956 372 ,
1973 314 2023 366 ὃς
2046 316 2187 364 laneae
2209 330 2301 364 tan-

1322 379 1425 430 tum
1454 395 1620 439 erant,
1651 380 1797 432 modo
1829 381 1983 433 sericae
2007 422 2024 444 ,
2059 403 2266 452 auroque
2288 422 2304 444 ,

1321 454 1372 504 ὅς
1399 466 1591 521 argento
1622 464 1878 501 contextae.
1903 453 2027 504 Cum
2061 458 2209 525 igitur
2226 475 2306 503 an-

1322 524 1466 590 tiquis
1488 520 1785 590 temporibus
1801 525 1964 571 Baculi
1983 525 2126 593 lignei
2155 525 2308 576 essent

1321 611 1381 644 ex
1414 593 1553 641 variis
1581 595 1790 642 materiis
1832 590 2074 645 fabrefacti
2100 632 2115 654 ‚
2145 594 2309 645 verifi-w

1320 664 1438 713 mile
1469 664 1616 712 etiam
1636 662 1701 712 est
1717 700 1733 722 ‚
1755 661 1887 730 quod
1907 663 2116 715 diversas
2141 665 2312 716 habue-

1322 736 1418 784 rint
1436 729 1612 782 formas
1630 770 1646 792 ,
1667 735 1748 781 alii
1766 734 1943 784 seuam
1962 770 1978 793 ,
2004 737 2084 785 alii
2107 737 2154 783 in
2179 738 2306 802 capi-—

1322 818 1370 854 te
1399 820 1598 851 curvam
1631 842 1645 864 ,
1670 801 1765 853 five
1794 803 1994 871 globum
2023 804 2312 863 habentem,

1325 876 1408 923 alii
1428 872 1545 922 vero
1569 873 1628 922 ad.
1646 871 1848 922 formam
1883 879 2042 945 magni
2066 878 2110 926 T
2127 912 2144 934 ‚
2185 873 2313 927 five„

1324 945 1541 1005 Crociae3
1570 947 1799 1012 temporis
1832 943 1947 993 vero
1978 945 2222 1015 progressu
2259 949 2309 995 ὃς

1325 1017 1372 1064 in
1400 1015 1554 1083 pretio
1573 1053 1588 1075 ,
1623 1015 1740 1065 &in
1774 1011 1925 1063 forma
1966 1016 2188 1084 distingui
2215 1034 2315 1065 coe-

1326 1088 1485 1153 perint
1505 1120 1515 1132 .
1556 1084 1773 1153 Episcopi
1796 1100 2023 1150 tanquam
2047 1090 2318 1136 animarum

1324 1155 1532 1204 Pastores
1553 1156 1852 1204 retinuerunt
1885 1158 2081 1205 Baculos
2117 1159 2163 1205 in
2191 1154 2317 1203 sum-

1327 1228 1496 1274 mitate
1524 1243 1696 1276 curvos
1714 1261 1730 1282 ‚
1755 1244 1870 1292 quos
1899 1227 2055 1288 Fecsti,
2092 1225 2189 1277 five
2227 1227 2312 1274 Pa-

1327 1295 1518 1346 storales
1563 1297 1868 1363 appellavere
1898 1333 1908 1343 .
1946 1300 2154 1347 Romani
2194 1297 2314 1345 vero

1326 1363 1579 1416 Pontifices
1613 1366 1802 1415 rec'stum
1829 1366 2014 1415 tantum
2057 1365 2142 1415 fibi
2177 1369 2313 1416 attri-

1325 1437 1531 1486 buerunt
1559 1438 1788 1486 Baculum
1808 1473 1825 1495 ,
1841 1454 1982 1504 quem
2005 1439 2225 1487 Ferulam
2248 1457 2314 1486 3.,

1327 1504 1641 1558 similitudine
1662 1505 2035 1556 denominamur
2068 1544 2084 1565 ,
2120 1521 2174 1556 ut
2204 1526 2315 1557 con-

1325 1580 1470 1643 jicere
1507 1575 1572 1626 est
1609 1579 1657 1625 in
1697 1575 1855 1645 figuris
1895 1597 1919 1625 a
1958 1582 2128 1626 Macro
2156 1581 2202 1624 in
2231 1577 2314 1627 suo

1328 1648 1640 1700 Hierolexico
1673 1649 1825 1696 allatis
1856 1648 1903 1695 in
1936 1647 2134 1698 vocibus
2175 1650 2316 1701 Bacu-

1328 1722 1395 1771 lus
1413 1720 1729 1775 Pastorum&
1745 1717 1998 1776 Mitra,ubi
2026 1721 2187 1767 Bacuh
2210 1738 2320 1769 con-

1331 1788 1595 1859 spiciuntur
1613 1790 1754 1846 (secti,
1770 1790 1827 1838 de
1847 1787 2016 1855 quibus
2038 1786 2174 1850 infra3
2191 1789 2319 1856 quod

1328 1873 1489 1909 autem
1508 1857 1664 1930 potius
1681 1861 1898 1910 Ferulam
1918 1895 1934 1917 ,
1951 1862 2093 1927 quam
2112 1859 2318 1908 Pastora-

1329 1928 1674 1980 lemPontifices
1695 1931 1995 1998 elegerint,id
2013 1928 2192 1981 fastum
2212 1949 2320 1980 cen-

1328 2001 1709 2068 seo‚quiaFerula
1725 2000 1849 2069 apud
1865 2000 2323 2067 Imperatoresssicet

1328 2070 1523 2122 diversae
1547 2070 1696 2121 essent
1713 2068 1899 2136 formae)
1919 2068 2199 2134 symbolum
2217 2082 2320 2119 erat

1328 2140 1571 2212 potestatis
1599 2143 1647 2189 in
1671 2140 1879 2190 subditos
1910 2142 2110 2208 populos
2148 2141 2317 2190 mode=

1330 2215 1427 2263 rat&
1448 2211 1721 2262 exercendae
1738 2247 1754 2269 ,
1781 2229 1857 2260 eos
1888 2228 2000 2260 cum
2021 2212 2218 2260 lenitate
2236 2230 2312 2259 ca—

1331 2284 1545 2352 stigando
1563 2319 1580 2341 ,
1600 2297 1653 2330 ut
1682 2282 1828 2331 tradit
1846 2283 2035 2330 Simeon
2064 2279 2318 2330 Thessalo-

1331 2351 1526 2405 nicensis
1552 2352 1851 2420 ficinquiens:
1868 2351 2049 2420 Insuper
2061 2356 2191 2401 etiam
2216 2357 2322 2404 vir-

1327 2444 1429 2495 gam
1457 2425 1628 2492 affiaemic
1657 2458 1672 2480 ‚
1709 2440 1788 2472 non
1815 2439 2004 2490 gravem
2044 2429 2290 2490 quampiam
2308 2458 2324 2481 ‚

1331 2500 1388 2546 &⁵
1405 2495 1555 2544 duram
1575 2493 1681 2562 ,fid
1695 2495 1839 2542 levem
1857 2528 1873 2549 ,
1890 2496 1945 2543 &⁴
1970 2495 2139 2542 mollem
2152 2529 2168 2552 ,
2185 2511 2234 2544 ut
2254 2498 2324 2542 ni-

1332 2570 1490 2616 mirum
1517 2582 1608 2614 cum
1641 2563 1963 2633 mansuetudine
1993 2564 2211 2632 castiget,
2240 2583 2322 2613 non

1332 2641 1440 2687 ‘verb
1466 2654 1555 2684 cum
1573 2635 1797 2685 iracundia
1810 2669 1825 2691 ,
1844 2649 1919 2684 aut
1934 2639 2094 2704 quavis
2108 2639 2321 2701 pernicie,

1335 2726 1463 2775 neque
1496 2723 1568 2754 aut
1584 2703 1861 2774 confringat,
1894 2721 1968 2754 aut
1986 2706 2140 2770 perdat
2159 2742 2169 2753 .
2203 2708 2325 2771 Qae

1336 2778 1498 2828 omnia
1525 2812 1540 2835 ,
1571 2774 1605 2823 fi
1632 2778 1918 2845 Imperatori
1953 2778 2212 2828 convenire
2243 2779 2324 2824 de-

1335 2848 1449 2898 bent
1466 2885 1480 2907 ,
1497 2847 1652 2895 multo
1681 2848 1830 2915 magis
1857 2849 2075 2895 Romano
2102 2843 2320 2895 Pontifici

1337 2914 1514 2970 Christi
1542 2919 1742 2965 Domini
1773 2918 2051 2985 exemplum
2081 2915 2321 2983 sequenti,

1337 2991 1418 3058 qui
1447 2987 1594 3036 dixit:
1613 2988 1788 3057 ‘'Jugum
1817 3006 1950 3038 meum
1969 2991 2116 3061 suave
2139 2985 2238 3042 eft',
2269 2989 2324 3034 <⁷5¹

1337 3080 1440 3111 onus
1466 3077 1600 3109 meum
1626 3061 1728 3109 leve
1746 3096 1757 3106 .

1409 3128 1558 3194 Qod
1583 3127 1821 3195 hucusque
1842 3129 2050 3179 indicavi
2074 3162 2091 3185 ,
2119 3124 2324 3173 austori-

1340 3199 1514 3252 tatibus
1533 3197 1833 3247 fulciendum
1858 3196 1950 3249 est.
2077 3249 2080 3252 Α
2209 3196 2213 3201 ’

1410 3271 1620 3319 Primam
1635 3304 1652 3329 ,
1671 3287 1811 3337 quam
1835 3267 2088 3329 adinveni,
2120 3263 2156 3315 fi
2176 3263 2323 3332 pictu-

2269 3350 2328 3382 ra:
