2378 3674
702 262 1205 319 CAPUT

62 359 170 392 rum
191 341 358 404 injuria
378 337 494 406 pene
513 336 745 404 deperiit,
785 338 855 384 uti
885 338 1041 385 caeteri

60 414 262 461 aliorum
282 407 564 458 Pontificum
585 409 758 455 tumuli
779 443 795 464 ,
831 424 1036 472 quorum

60 484 234 531 cineres
261 477 343 527 sub
363 480 638 547 pavimento
665 474 887 543 repositos
902 473 1034 526 fuisse

59 551 236 600 nemini
253 548 453 598 dubium
469 549 621 597 videri
640 544 840 613 potest,fi
857 548 1037 614 Alpha-

1322 263 1351 312 I
1385 265 1437 314 V.
2015 282 2079 322 79

1096 333 1258 382 Petrus
1290 334 1516 388 Mallius,
1556 328 1652 380 five
1683 332 1947 382 Canonicus
1976 336 2076 383 Ro-

1094 419 1258 449 manus
1284 403 1332 449 in
1364 399 1441 449 sua
1474 399 1807 470 Descriptione
1838 407 2079 453 Vaticanae

1091 470 1313 529 Bafilicae,
1329 490 1458 520 num.
1476 491 1558 536 44.
1581 470 1661 520 ubi
1680 470 1766 522 iic:
1807 475 1939 524 Porta
1964 476 2045 523 illa
2061 510 2076 530 ,

1089 561 1173 610 quae
1204 542 1273 591 ef?
1290 548 1436 606 juxta
1469 560 1560 591 eam
1582 550 1610 601 ‚'
1645 548 1700 593 &⁴
1730 563 1814 613 quae
1845 545 1977 595 vadit
1997 558 2072 606 per

59 622 157 668 rani
175 621 451 688 opinionem
470 617 716 684 sequamur
731 651 747 673 ,
765 622 895 677 cujus
914 629 1035 664 tem·
1084 613 1294 680 porticale
1312 617 1453 677 juxta
1481 615 1730 664 Veronicam
1747 651 1763 672 ,
1793 617 1955 664 dicitur
1972 613 2070 668 Por.

59 707 171 758 pore
193 689 345 738 adhuc
364 687 586 738 extabant
600 684 880 735 eorumdem
894 683 1039 754 sepul-

59 761 281 808 chrorum
309 757 504 824 vestigia
537 759 587 804 in
615 753 872 823 parietibus
906 757 1040 818 hujus

1092 701 1139 732 ta
1175 682 1429 739 Guidonea,
1475 690 1669 752 quoniam
1703 685 1953 741 Gnidones,
2004 688 2079 751 qui

1094 752 1302 802 ducebant
1337 755 1539 803 Oratores
1576 760 1801 804 venientes
1838 770 1917 820 per
1936 758 2074 820 porti-

57 829 557 897 porticfis,antequam
591 827 869 893 aGregorio
890 830 1033 877 XIII.
1096 826 1182 872 cale
1202 858 1217 879 ‚
1264 825 1374 891 quod
1394 825 1463 874 ef?
1477 832 1618 890 juxta
1653 825 1885 875 Nolarium
1916 831 2073 890 majus,

58 900 259 949 reeiorio
277 915 417 966 opere
432 910 532 946 tota
548 897 867 955 dealbaretur,
887 897 1038 965 pictu-
1079 892 1331 965 frequenter
1341 911 1422 960 per
1438 913 1527 943 eam
1545 894 1796 956 intrabant,
1826 895 1936 945 unde
1951 896 2076 962 usque

57 969 210 1035 risque
231 966 555 1025 decoraretur,
571 965 706 1035 supra
722 967 930 1034 quinque
943 971 1040 1016 Re-

54 1041 152 1106 gias
185 1035 389 1086 Bafilicae
411 1044 571 1102 januas
599 1075 614 1097 ,
653 1039 824 1088 deletis
854 1035 1043 1105 quibus-

55 1114 167 1157 dam
188 1110 390 1175 antiquis
413 1108 726 1176 imaginibus,
756 1106 1042 1175 dejestisque

56 1181 336 1227 marmoreis
367 1178 688 1228 incrustaturis
708 1215 723 1235 ,
762 1197 862 1247 quae
893 1191 1045 1226 totam

60 1244 264 1296 Bafilicae
281 1245 453 1299 faciem
483 1268 507 1296 a
524 1247 831 1299 Constantino
862 1250 1042 1315 Magno

55 1316 118 1367 fic
136 1332 413 1367 exornatam
429 1314 560 1367 fuisse
577 1318 858 1369 suadebant.
879 1320 949 1364 Ex
964 1320 1044 1366 ho-

55 1405 162 1436 rum
197 1401 359 1437 autem
388 1390 610 1438 omnium
646 1402 1039 1439 ornamentorum

56 1460 269 1524 reliquiis
286 1460 425 1507 unica
440 1459 625 1507 tantum
639 1476 912 1516 cavea,cum
924 1454 1040 1506 Pfit·

54 1542 193 1586 taco,
235 1528 392 1577 media
432 1525 570 1596 supra
603 1543 760 1598 portas
790 1532 1039 1576 Ravenna-

54 1611 171 1655 tem,
189 1598 430 1666 &Judicii
448 1599 609 1650 relicta
626 1596 718 1647 fuit
732 1635 747 1661 ,
762 1616 861 1665 quae
879 1612 1042 1648 tamen

55 1670 207 1718 etiam
241 1669 447 1735 deperiit
467 1705 478 1715 .

137 1756 247 1801 124.
288 1740 421 1787 Huic
442 1739 613 1806 angulo
657 1740 930 1806 proximum
957 1739 1041 1788 im,

55 1807 313 1876 parietibus
331 1805 497 1856 frontis
516 1804 718 1855 ssafilicae
761 1806 1042 1874 sequebatur

57 1875 281 1927 ostiolum
306 1874 548 1936 clausum,
584 1878 717 1943 quod
759 1879 906 1944 vulgo
925 1879 1044 1924 anti-

54 1965 145 2013 qua
180 1949 318 1995 Porta
346 1949 509 1998 Sansta
534 1946 813 2004 dicebatur,
849 1949 898 1997 &
931 1949 1042 1995 huic

54 2018 171 2085 pen&
199 2019 423 2085 contigua
450 2031 551 2068 erat
581 2018 672 2065 alia
690 2017 829 2065 Porta
856 2017 1040 2075 Sancta,

56 2090 329 2137 recentioris
348 2088 607 2144 structurae,
623 2087 1044 2155 pulcherrimoque

54 2175 114 2206 ex
141 2175 374 2206 marmore
403 2157 676 2208 versicolori
703 2155 1039 2213 constru&a...‚
1066 2178 1077 2190 ‘⁷

54 2225 426 2296 respiciebatque
442 2230 722 2279 Oratorium
740 2227 915 2276 Sanstae
930 2231 1039 2277 Ma-

56 2298 135 2345 riae
153 2297 210 2346 ad
228 2298 450 2366 Praesepe,
470 2301 517 2347 in
541 2296 785 2367 posteriori
805 2300 918 2346 navi
937 2295 1042 2346 fini-

57 2362 147 2412 stra
167 2368 454 2427 locatum,ut
467 2370 602 2419 vides
620 2370 668 2416 in
688 2366 876 2417 Tabula
896 2373 1041 2422 XIX.

60 2436 132 2483 lit.
149 2437 198 2483 Β.
211 2438 266 2487 ὃ(
286 2436 611 2490 TabXXIII.
632 2441 700 2488 lit.
719 2443 781 2490 A.

135 2525 152 2553 1
167 2523 246 2566 25.
285 2510 416 2556 Inter
433 2509 549 2557 hanc
579 2510 765 2558 Portam
792 2509 1005 2558 Sanctam
1022 2548 1038 2570 ,

58 2578 418 2644 proximamque
437 2579 740 2629 Guidoneam
757 2616 774 2638 ,
796 2592 849 2626 ut
865 2597 908 2627 n.
923 2599 940 2628 1
956 2599 979 2627 2
992 2599 1035 2641 5.

57 2663 150 2693 non
166 2646 414 2696 mediocris
434 2648 598 2698 aderat
616 2650 860 2717 elegantiae
889 2648 1036 2716 sepui-

60 2716 434 2785 chrurnJOannis
448 2719 539 2770 IX.
568 2737 593 2768 e
618 2735 858 2767 marmore
884 2736 1034 2770 eumd

57 2785 139 2834 suo
157 2786 410 2853 Epitaphio
432 2822 443 2832 .

134 2875 153 2903 1
167 2867 246 2905 26.
287 2854 392 2906 Post
415 2854 590 2906 dietam
610 2860 802 2905 Portam
822 2859 1038 2909 Sanciam

58 2926 150 2974 alia
180 2923 460 2992 sequebatur
490 2963 504 2985 ,
549 2946 648 2994 quae
677 2928 902 2995 proximae
925 2933 1038 2978 navi

58 2993 470 3063 correspondebat,
487 2997 827 3063 dicebaturque
847 2999 1033 3048 Guido-

61 3084 145 3114 nea
162 3085 187 3113 a
205 3066 538 3126 Guidonibus,
566 3070 646 3135 qui
664 3068 936 3134 Peregrinos
954 3087 1037 3135 per

60 3137 228 3184 camin
247 3135 494 3186 Basilicam
526 3136 889 3188 introducebant
904 3173 920 3194 ,
948 3137 1035 3187 eis«

61 3205 172 3253 dem
185 3209 344 3256 omnia
369 3223 634 3258 memoratu
651 3245 667 3267 ,
684 3205 879 3273 visuque
894 3207 1035 3275 digna

59 3272 347 3328 ostendentes
375 3314 392 3337 ,
427 3278 483 3328 de
516 3298 606 3346 qua
637 3280 784 3330 etiam
810 3280 1035 3326 meminit

1095 967 1154 1013 ad
1180 966 1327 1014 nofz'ra
1348 979 1534 1031 tempora
1549 963 1707 1033 fhculae
1721 1002 1736 1022 ,
1771 970 1825 1015 (J
1841 970 1949 1015 cerei
1960 1000 1977 1021 ,
2008 964 2076 1014 ibi

1096 1034 1398 1085 vendebantur
1414 1072 1425 1082 .
1462 1038 1602 1085 Vixit
1626 1036 1753 1084 enim
1771 1038 1965 1084 Mallius
1982 1037 2072 1082 cir·

1097 1124 1151 1153 ca
1166 1104 1474 1155 medietatem
1488 1103 1840 1162 XII.saeculi,ex
1857 1111 1986 1166 cujus
2000 1122 2075 1151 au-

1096 1176 1314 1224 &oritate
1333 1175 1502 1223 deduci
1521 1177 1668 1233 valet,
1686 1175 1814 1241 quod
1831 1179 2073 1232 Oratores,

1100 1244 1328 1293 videlicet
1343 1245 1578 1311 Peregrini
1583 1242 1721 1302 ,faces
1736 1241 2074 1300 emebant,s1ve

1095 1313 1308 1363 candelas
1334 1350 1348 1373 ,
1371 1331 1480 1379 quas
1517 1312 1673 1381 postea
1699 1313 1757 1362 ad
1781 1312 2074 1361 Beatiffimo-

1093 1401 1202 1432 rum
1220 1383 1563 1450 Apostolorum
1582 1382 1885 1452 sepulchrum
1900 1419 1917 1440 ,
1948 1381 2076 1432 five-³

1095 1451 1431 1503 confeffionem
1466 1450 1728 1503 offerebant
1745 1489 1760 1511 ,
1795 1454 1870 1501 vel
1889 1454 2075 1501 etiam-‚

1096 1522 1412 1573 accendebant
1428 1559 1443 1582 ,
1465 1525 1511 1572 in
1531 1524 1810 1573 eorumdem
1823 1520 2076 1590 Apostolo-

1096 1611 1204 1643 rum
1226 1595 1456 1643 honorem
1477 1630 1487 1640 .
1527 1595 1654 1661 Saepe
1671 1593 1886 1643 laudatus
1918 1590 2076 1642 censet

1095 1664 1364 1731 Turrigius,
1384 1662 1572 1713 eosdem
1592 1665 1864 1731 Peregrinos
1890 1661 2075 1729 proces-

1096 1732 1336 1783 fionaliter
1353 1752 1464 1782 cum
1482 1733 1688 1783 candelis
1706 1730 1904 1783 accensis
1921 1730 2078 1780 Basili*

1099 1822 1202 1851 cam
1231 1805 1417 1872 ingredi
1447 1800 1733 1853 consuevisse
1752 1826 1766 1864 3
1803 1820 1945 1869 quam
1979 1804 2076 1868 qui-

1099 1874 1212 1921 dem
1230 1871 1512 1923 sententiam
1551 1872 1705 1921 minus
1735 1870 2075 1943 probabilem-³

1098 1955 1212 2011 puto
1233 1978 1244 1988 .
1271 1946 1380 1991 Fuit
1399 1944 1548 1992 etiam
1583 1941 1747 1991 eadem
1764 1948 1920 2004 janua,
1937 1943 2075 1990 Porta

1098 2014 1349 2063 Veronicae
1363 2048 1380 2071 ,
1415 2011 1511 2061 five
1533 2013 1718 2061 Sudarii
1736 2029 1759 2058 a
1777 2013 1996 2080 proximo
2014 2009 2078 2058 sa-

1097 2084 1219 2132 cello
1252 2083 1582 2135 denominata:
1621 2085 1769 2150 Supra
1791 2099 1897 2131 earn
1917 2085 2077 2130 autem

1097 2151 1296 2219 appensa
1315 2166 1446 2202 erant
1464 2171 1639 2201 corona
1655 2188 1671 2210 ,
1690 2153 1849 2200 lancea
1867 2188 1883 2211 ,
1901 2152 1951 2200 &
1969 2150 2077 2199 infi-

1092 2225 1204 2291 gnia
1222 2225 1365 2291 Regis
1380 2224 1637 2291 Hungariae
1650 2258 1666 2280 ,
1685 2221 1742 2269 ad
1761 2239 1929 2289 corpus
1946 2223 2077 2269 Beati

1095 2295 1219 2342 Petri
1256 2288 1514 2340 transmiffa
1545 2290 1602 2340 ab
1623 2293 1838 2341 Hem-ico
1862 2289 2042 2340 Caesare
2062 2327 2079 2348 ,

1096 2365 1380 2432 qui'Regem
1396 2398 1412 2421 ,
1429 2381 1480 2410 ac
1496 2366 1721 2430 Regnum
1741 2362 2079 2427 Hungaricum

1093 2432 1359 2483 debellavit-
1374 2469 1384 2479 .
1419 2431 1546 2482 Inibi
1563 2449 1750 2499 quoque
1768 2429 1857 2478 fixa
1873 2431 2080 2480 cratian-

1093 2522 1173 2553 cea
1209 2523 1321 2553 cum
1343 2504 1526 2552 vexillo
1540 2538 1556 2560 ,
1575 2502 1704 2568 quod
1720 2503 1825 2550 Rex
1840 2497 2079 2566 Hispaniae

1092 2571 1177 2622 sub
1209 2593 1329 2623 anno
1366 2592 1422 2622 12
1440 2591 1516 2621 12.
1542 2575 1885 2622 Saracenorum
1917 2573 2078 2635 Reges

1091 2644 1304 2703 devicio,
1322 2648 1530 2693 Romam
1546 2641 1692 2698 ferri,
1728 2642 1777 2690 &
1806 2642 1854 2687 in
1874 2636 2077 2687 Bafilicae

1090 2717 1141 2762 B.
1157 2716 1283 2765 Petri
1301 2712 1572 2782 conspicuo,
1591 2725 1731 2775 atque
1756 2709 1991 2757 eminenti
2009 2707 2075 2754 lo-

1095 2803 1150 2834 co
1169 2784 1372 2855 appendi
1388 2784 1599 2832 curavit.
1627 2782 1795 2845 Januae
1818 2776 1945 2826 istius
1964 2775 2074 2826 situs

1093 2853 1366 2923 designatur
1380 2855 1428 2899 in
1445 2848 1565 2898 Tab.
1582 2851 1725 2899 XIX.
1754 2844 1837 2895 sub
1856 2849 1931 2896 lit.
1949 2848 2001 2894 E.

1167 2944 1185 2971 1
1199 2942 1279 2983 27.
1318 2926 1448 2970 Inter
1464 2920 1608 2976 hanc,
1633 2919 1682 2968 &
1704 2916 2062 2985 sequentemja-

1089 3011 1233 3042 nuam
1254 2991 1352 3039 duo
1364 2988 1560 3039 aderant
1578 2991 1886 3039 Summorum
1904 2988 2066 3036 Ponti-

1089 3062 1231 3111 ficum
1250 3059 1493 3128 sepulchra
1510 3093 1527 3119 ,
1563 3060 1787 3126 Stephani
1811 3075 1986 3125 nempe
2002 3060 2065 3107 V.

1086 3135 1135 3185 &
1154 3136 1245 3183 VI.
1264 3149 1373 3179 cum
1403 3128 1493 3178 suis
1509 3130 1760 3198 epitaphiis
1781 3165 1791 3176 .

1164 3222 1182 3252 1
1196 3206 1276 3252 28.
1317 3201 1430 3249 Alia
1457 3214 1557 3249 erat
1586 3205 1726 3266 janua
1759 3235 1775 3256 ,
1813 3214 1896 3265 per
1927 3215 2071 3264 quam

1089 3273 1145 3323 ad
1174 3273 1370 3322 alteram
1402 3271 1569 3321 navim
1606 3269 1663 3318 ad
1693 3269 2073 3336 Septentrionem

1974 3354 2075 3386 VET-
