2378 3674
766 309 1263 364 CAPUT
1366 307 1469 360 VI.

104 400 281 432 novare
307 381 532 432 auderet.
565 379 775 449 Idipsum
803 381 958 430 nostro
978 398 1079 429 aevo

105 457 153 501 in
176 448 798 520 EcclefiisJurispatronatsts
839 449 1077 500 observari

104 522 518 571 animadvertimus
543 557 559 579 ,
585 520 692 569 cum
734 537 789 569 ne
823 518 1077 568 minimum

100 591 294 659 quidem
310 592 356 637 in
386 590 570 649 iisdem,
586 587 740 638 insciis
756 590 978 646 Patronis,
993 592 1078 636 im-

101 663 278 709 mutari
312 662 493 710 valeat.
533 662 684 727 Igitur
713 655 821 705 cum
839 659 1003 706 eadem
1031 662 1073 706 S.

103 732 343 779 Laurentii
362 729 552 778 Bafilica
572 746 659 777 una
678 745 735 776 ex
756 728 808 774 iis
828 723 952 785 effer,
966 746 1077 794 quas

103 799 435 851 Constantinus
459 811 668 848 erexerat
684 833 700 855 ,
717 798 1076 847 Valentinianus

104 878 202 936 ejus
219 866 440 917 successor
460 867 618 935 Xysto
636 864 878 924 Pontifici,
904 883 955 915 ut
971 885 1074 916 eam

103 951 350 989 exornaret
368 975 384 996 ‚
400 935 634 987 conceffit.
654 940 816 985 Meam
838 938 952 986 hanc
971 955 1076 985 con·-

101 1009 329 1072 jeRuram
353 1006 648 1076 sequentibus
678 1005 902 1057 confirmo
938 1006 1078 1056 verfi-

103 1079 188 1127 bus
215 1098 239 1126 a
258 1080 466 1127 Grutero
494 1097 595 1146 pag.
619 1097 636 1125 1
654 1092 762 1136 173.
793 1093 972 1127 num.1.
1003 1094 1075 1125 re-

104 1151 208 1197 latis
223 1184 238 1206 ,
270 1165 326 1196 ex
357 1147 525 1214 quibus
544 1161 750 1214 apparet,
777 1149 819 1194 S.
838 1146 1041 1195 Leonem
1059 1183 1074 1204 ,

103 1220 226 1266 Sixti
246 1215 545 1266 successorem
560 1253 575 1273 ‚
599 1214 771 1264 curasse
786 1252 802 1273 ,
820 1229 869 1263 ut
885 1217 978 1263 haec
1007 1235 1075 1263 ea-

103 1289 214 1337 dem
232 1283 421 1334 Basilica
439 1306 463 1334 a
481 1288 621 1335 Galla
635 1286 837 1334 Placidia
853 1285 1073 1333 Theodo-

100 1356 153 1406 fii
173 1355 361 1405 senioris
378 1355 489 1413 filia,
508 1372 725 1422 tanquam
749 1352 957 1403 Ecclefiae
976 1358 1076 1402 Do-

104 1429 261 1483 mina,
281 1427 325 1473 in
350 1429 628 1494 ampliorem
656 1463 673 1484 ‚
702 1422 1077 1491 nobilioremque

103 1495 304 1545 formam
335 1499 355 1551 (
380 1498 673 1563 complanato
700 1495 822 1543 colle
851 1529 867 1551 ‚
900 1497 978 1560 qui
1009 1496 1075 1543 ei-

103 1566 213 1615 dem
233 1562 433 1613 Bafilicae
454 1584 543 1614 non
571 1563 660 1614 fine
685 1567 827 1612 ruinae
863 1565 1075 1631 periculo

104 1633 385 1683 imminebat
414 1645 433 1696 )
459 1637 748 1703 redigeretur
765 1669 775 1680 .
812 1636 1075 1683 Carmina..

103 1706 222 1754 vero
243 1705 335 1751 haec
367 1702 471 1751 sunt
490 1741 500 1751 .

103 1776 269 1826 Gaudet
295 1774 526 1842 Pontificis
555 1776 698 1824 fludio
720 1774 947 1844 splendere
965 1775 1071 1824 Leo-

245 1863 314 1891 ms

172 1913 379 1967 Placidiae
403 1917 481 1979 pia
499 1933 612 1963 mens
642 1921 770 1980 operis
812 1912 932 1962 decus
957 1932 1074 1963 omne

105 2043 109 2048 -
237 1999 376 2051 pater.
1085 2048 1088 2052 ἱ

103 2056 318 2106 Demovic
358 2054 566 2103 Dominus
598 2054 790 2102 tenebras
824 2087 840 2109 ,
872 2069 919 2101 ut
949 2055 1076 2103 luce„

244 2138 380 2171 creata

176 2195 264 2245 His
297 2193 501 2262 quondam
536 2192 710 2242 latebris
728 2230 743 2251 ‚
771 2193 830 2259 stc
850 2192 966 2240 mod&
980 2190 1080 2258 fial-

239 2283 317 2332 gor
342 2266 460 2312 ine-H
479 2299 489 2309 .

104 2334 331 2399 ‘Angustos
361 2335 504 2383 aditus
547 2334 793 2383 venerabile
831 2345 974 2398 corpus
1009 2335 1080 2383 ha-

245 2402 367 2450 bebat
383 2437 398 2457 ‚

178 2471 303 2526 Huc,
328 2469 401 2518 ubi
435 2488 541 2520 nunc
562 2476 756 2540 populum
786 2476 946 2542 largior
977 2489 1078 2521 aura

248 2554 359 2604 capte
375 2575 386 2585 .

106 2608 239 2657 Eruta
256 2611 463 2673 planicies
482 2617 629 2676 patuit
645 2611 728 2678 fitb
759 2629 895 2660 monte
912 2618 1044 2683 recisa
1063 2650 1078 2671 ,

178 2677 339 2745 Estque
361 2698 517 2729 remota
538 2686 680 2749 gravi
705 2685 809 2731 mole
834 2688 962 2732 ruina
993 2690 1075 2734 mi-

246 2766 330 2797 nax
351 2785 363 2792 -

180 2816 277 2867 Hic
296 2819 410 2865 vero
437 2820 575 2885 primi
594 2819 688 2868 duo
710 2820 867 2870 versus
884 2821 1076 2870 notandi

105 2886 240 2944 sunt,
258 2890 337 2954 qui
355 2888 576 2955 leguntur
597 2891 739 2937 etiam
762 2892 806 2937 in
824 2893 1078 2960 triumpha-

107 2958 142 3004 li
160 2975 269 3005 arcu
289 2960 332 3004 S.
356 2958 516 3015 Pauli,
546 2956 603 3006 de
623 2958 790 3025 quibus
814 2962 1015 3009 diximus
1033 2963 1077 3007 in

109 3025 263 3076 nostro
284 3044 422 3094 opere
443 3028 501 3076 de
519 3042 663 3077 veter.
683 3031 884 3077 Monim.
905 3044 1022 3097 part.
1036 3050 1074 3078 1.

110 3096 534 3161 cap.24.CaeterCim
552 3098 645 3146 haec
665 3096 853 3146 Basilica
867 3098 965 3166 post
981 3098 1078 3148 bre—

109 3180 170 3211 ve
185 3178 367 3234 tempus
387 3166 678 3216 restauranda
693 3167 798 3215 fuit.
822 3173 945 3216 Nam
966 3167 1075 3215 cum

104 3233 290 3300 Pelagio
306 3239 369 3285 ΙΙ.
387 3234 611 3285 Pontifice
630 3236 928 3306 Longobardi
942 3274 958 3295 ‚
976 3236 1075 3284 totii

104 3301 281 3352 vastata
302 3305 436 3353 Italia
447 3342 464 3364 ,
481 3307 665 3360 Urbem
678 3308 822 3376 ipsam
839 3305 1074 3357 obsidione

175 3373 278 3437 Pan.
292 3372 387 3423 ΙΙΙ.

2013 328 2030 357 1
2048 331 2064 359 1
2078 327 2100 368 3

1132 392 1396 446 premerent
1423 413 1438 434 ,
1482 390 1617 426 tanrae
1643 414 1659 435 ,
1695 390 1881 442 tamque
1922 376 2104 428 affiduae

1131 451 1304 516 pluviae
1336 446 1635 504 ceciderunt,
1662 462 1715 495 ut
1735 449 2105 514 quamplurium,

1131 520 1537 582 maximarumque
1567 520 1807 564 ruinarum
1843 515 1987 564 causae
2024 536 2104 565 ex-

1131 589 1314 636 titerint
1344 621 1360 642 ,
1394 587 1442 635 &
1482 587 1596 653 pene
1626 604 1786 635 omnes
1813 586 2105 638 universale,

1131 657 1371 704 diluvium
1393 657 1640 703 timuerint
1667 691 1677 701 .
1706 657 2005 722 Qapropter
2033 659 2103 724 ip-

1128 725 1172 775 se
1191 726 1400 793 Pelagius
1430 727 1544 772 hanc
1564 725 1709 773 aedem
1728 722 1891 772 iisdem
1909 728 2101 792 pluviis,

1130 809 1209 843 aut
1237 813 1284 844 re
1305 795 1395 842 alia
1420 792 1715 842 debilitatam
1733 829 1749 850 ,
1774 794 1928 843 denuo
1956 795 2101 843 aedifi-

1131 866 1259 913 cavit
1276 900 1290 923 ‚
1307 877 1359 912 ut
1377 865 1423 909 in
1443 861 1701 911 Pontificali
1721 861 1841 912 libro
1857 899 1873 920 ,
1907 883 1958 912 ac
1987 866 2103 915 diffi

1130 936 1304 1001 Pelagii
1325 936 1389 981 II.
1426 935 1541 983 Vita
1570 930 1820 992 scribitur3
1848 932 1912 980 ibi
1939 957 1949 982 :
1987 936 2107 985 Fecit

1119 1009 1250 1075 fiipra
1279 1017 1414 1068 corpus
1459 1004 1587 1054 Beati
1624 1002 1851 1051 Laurentii
1880 1001 2105 1071 Martyria*

1130 1076 1357 1142 Bafilicam
1392 1090 1417 1118 a
1437 1071 1721 1140 fhndamento
1748 1075 2068 1124 conHruHanL„
2085 1111 2102 1132 ,

1129 1164 1175 1193 ac
1223 1142 1401 1194 Tabulis
1446 1149 1653 1210 argenteis
1689 1147 1922 1191 exornavit
1956 1146 2103 1211 fipul-

1128 1217 1271 1264 chrum
1293 1219 1382 1276 ejus
1399 1247 1408 1256 .
1446 1212 1592 1277 Qod.
1623 1209 1911 1276 infrascripta
1929 1216 2099 1260 carmi-

1130 1302 1188 1331 na
1206 1302 1229 1329 a
1254 1285 1462 1329 Grutero
1483 1299 1581 1347 pag.
1596 1301 1611 1327 1
1630 1296 1737 1338 173.
1752 1296 1933 1327 num.1.
1956 1283 2101 1330 relata

1132 1353 1337 1400 indicare
1358 1348 1581 1397 videntur
1600 1385 1610 1395 .

1132 1423 1310 1491 Praesule
1359 1419 1533 1486 Pelagio
1593 1417 1775 1491 Martyr
1839 1418 2096 1470 Laurentius

1270 1492 1370 1539 olim

1195 1560 1376 1624 Templa
1392 1556 1486 1625 fibi
1520 1559 1676 1609 statuit
1708 1594 1723 1615 ,
1758 1575 1845 1607 tam
1876 1562 2103 1628 pretias&

1269 1632 1368 1680 dari
1387 1664 1396 1674 ·

1129 1701 1259 1752 Mira
1260 1702 1372 1767 fides
1393 1698 1599 1747 Claudius
1628 1699 1805 1748 hofliles
1831 1697 1986 1765 infiret
2015 1702 2105 1746 iras

1195 1773 1447 1840 Pontificem
1463 1772 1628 1817 meritis
1656 1787 1727 1816 nec
1749 1767 1961 1835 celebrsff
1977 1769 2074 1834 fitis
2091 1806 2103 1816 .

1129 1841 1197 1892 Tu
1224 1842 1341 1889 modi>
1366 1838 1399 1887 S
1402 1840 1616 1888 anflorum
1643 1844 1711 1888 cui
1739 1840 1911 1906 cresbere
1937 1839 2103 1887 conflat

1270 1912 1438 1958 honores

1200 1980 1282 2030 Fac
1301 1977 1384 2048 sub
1402 1993 1504 2043 pace
1519 1980 1601 2026 coli
1625 1979 1736 2028 teila
1764 1977 1905 2026 dicata
1923 1975 2036 2024 tibi.

1130 2049 1406 2112 Martyrium
1441 2048 1629 2112 flammis
1673 2051 1774 2097 olim
1805 2045 1974 2096 Levita
1997 2046 2101 2113 βέ-

1269 2121 1378 2175 iffi,

1202 2189 1324 2256 GJure
1352 2191 1438 2235 tuis
1480 2186 1673 2253 Templis
1702 2188 1775 2235 lex
1807 2187 2102 2239 veneranda,

1272 2258 1408 2306 redit.

1134 2333 1189 2379 In
1215 2343 1419 2394 quorum
1447 2328 1708 2374 carminum
1741 2323 1974 2391 postremo
2008 2342 2105 2372 vox

1135 2400 1213 2447 illa
1227 2401 1300 2448 lex
1325 2396 1635 2462 expungenda
1653 2394 1864 2450 videtur,
1881 2412 1930 2440 ac
1951 2397 2029 2442 lux
2044 2411 2108 2442 re·
2171 2451 2174 2452 ⁷

1135 2466 1367 2536 ponenda,
1380 2479 1432 2513 ut
1451 2467 1496 2512 in
1518 2463 1710 2514 Mufivo
1730 2462 1930 2510 habetur
1948 2481 2103 2529 opere.

1205 2540 1269 2585 Ex
1289 2555 1342 2585 ea
1363 2535 1478 2583 vero
1496 2534 1605 2583 libri
1625 2532 1903 2580 Pontificalis
1921 2550 2105 2579 enarra-

1135 2609 1261 2656 tione
1294 2607 1547 2653 Panvinius
1572 2641 1587 2663 ,
1613 2604 1781 2668 aliique
1803 2603 2108 2657 recentiores,

1129 2679 1208 2743 qui
1230 2694 1340 2725 eum
1360 2672 1631 2741 sequuntur,
1647 2691 1671 2718 a
1689 2673 1878 2737 Pelagio
1899 2668 2108 2738 primum

1131 2744 1383 2796 Ecclesiam
1404 2746 1520 2793 hanc
1547 2738 1821 2791 aedificatam
1854 2739 2110 2806 putarunt3

1131 2830 1179 2864 at
1196 2816 1243 2864 id
1261 2819 1307 2862 in
1327 2814 1525 2861 dubium
1553 2810 1766 2858 revocari
1786 2807 1966 2876 potest,
1983 2827 2111 2857 nem-

1133 2904 1216 2954 pe,
1231 2884 1441 2949 Pelagius
1459 2880 1554 2947 ipse
1574 2897 1631 2928 ex
1648 2880 1827 2946 integro
1846 2896 1903 2927 ne
1931 2896 2107 2927 novam

1131 2950 1383 3002 Ecclesiam
1400 2986 1416 3007 ,
1440 2968 1496 2997 an
1526 2945 1716 2997 tantum
1741 2949 1907 2996 Altare
1926 2954 2075 3012 majus
2090 2983 2107 3005 ,

1131 3022 1226 3072 five
1241 3058 1256 3079 ,
1273 3033 1326 3068 ut
1339 3021 1537 3085 Antiqui
1574 3016 1806 3067 vocabant
1821 3053 1836 3076 ,
1849 3015 2106 3067 Confessio·-

1132 3110 1239 3141 nem
1270 3092 1532 3138 extruxerit
1560 3125 1576 3146 ,
1617 3085 1904 3154 Musivoque
1933 3104 2105 3155 opere,

1128 3160 1464 3226 triumphalem
1495 3158 1734 3207 ornaverit
1775 3167 1966 3205 arcum?
2002 3165 2104 3205 An-

1129 3229 1223 3279 sam
1266 3227 1514 3277 dubitandi
1554 3226 1728 3296 praebet
1766 3229 1809 3274 S.
1843 3227 2106 3294 Gregorius

1129 3300 1261 3359 lib.3.
1287 3298 1501 3367 epist.30.
1537 3298 1594 3346 ad
1621 3295 1973 3346 Constantinam
2003 3299 2106 3344 Au-

1612 3368 1646 3413 P
1900 3363 2077 3434 gustam
2090 3402 2107 3426 ,
