2378 3674
521 219 1101 278 '⁷CAPVT
1207 224 1416 281 XXVI<

1841 231 1933 290 '151

122 327 223 379 loEo
239 325 522 378 Diadematis
538 326 608 376 {eu
624 359 638 382 ,
672 326 834 375 Nimbi
850 358 866 382 ,
897 329 1018 374 Crux
1019 348 1062 392 A
1078 322 1277 377 obdustae
1297 329 1395 378 fint.
1413 325 1707 397 Descripserat
1722 330 1812 381 iam
1829 351 1898 382 eas
1914 334 1997 401 bo}

117 399 306 466 effulget
322 438 333 450 .
346 402 594 465 Sequuntur
610 395 676 444 sex
689 396 744 444 ad
762 397 986 444 dexteram
1003 427 1020 454 ,

118 466 286 536 ‘sexque
305 470 398 517 aliae
425 468 480 516 ad
500 468 712 516 sinistram
730 466 889 514 ssmiles
902 468 1016 533 peri·-

118 540 301 607 .pheriae‚
315 542 360 588 in
377 538 534 605 quibus
549 541 630 586 viri
645 536 830 602 quidam
847 569 862 594 ,
880 537 1015 586 veluti

119 610 335 658 tonsurati
346 607 630 658 continentur
645 639 659 662 ‚
671 625 783 672 quos
798 625 840 654 re
845 606 1017 673 presen-

116 680 217 728 tare
227 696 412 729 autumo
426 678 658 727 duodecim
686 677 915 743 ‘apostolos
931 711 942 723 .
964 682 1014 725 In

121 750 320 800 eiusdem
339 755 476 799 Arcus
492 749 731 815 fastigio,ac
748 751 792 794 in
809 749 1013 796 lateribus

120 822 314 887 'angulos
326 819 620 870 formantibus
638 853 648 862 .
662 821 740 868 Vir
760 817 945 884 quidam
961 820 1015 868 ad

1077 413 1200 445 mem
1220 431 1231 444 .
1245 402 1433 449 Ioannes
1450 403 1606 450 Lucius
1620 421 1764 450 rerum
1783 407 1989 471 antiqua-

1075 484 1176 515 rum
1192 470 1521 519 amantissimus
1536 503 1553 529 ,
1579 471 1633 520 de
1660 488 1754 539 quo
1773 491 1853 522 nos
1866 478 1986 529 iam„

1073 536 1155 585 fati
1171 535 1319 588 sumus
1332 542 1379 589 in
1395 541 1645 606 praefatione
1662 543 1816 591 nostrae
1832 546 1989 610 primae

1073 608 1210 674 partis
1226 613 1523 660 Vet.M0nim.
1553 617 1617 660 Ex
1646 615 1736 661 eius
1752 613 1917 662 schedis
1932 617 1988 665 il-·.

1073 679 1156 728 lius
1168 681 1392 746 exemplar
1408 686 1597 731 mutuati
1633 683 1782 733 sumus
1799 717 1811 729 .
1840 686 1989 752 Prope

1073 763 1205 815 caput
1237 752 1493 816 Beatissimi}
1525 756 1718 819 Virginis
1751 753 1807 801 ad
1836 754 1985 803 dexte-

1075 837 1173 866 ram
1192 819 1256 868 hae
1278 821 1557 888 perleguntur
1573 824 1705 873 literae
1722 824 1988 873 abbreuiatae

118 889 368 948 dexteram,
386 909 434 938 ac
450 892 556 938 alter
570 890 622 936 ad
642 889 849 936 sinistram
865 888 1018 938 simili-
1076 886 1176 955 ᾗῇ
1190 907 1205 947 3
1219 890 1274 939 ad
1291 891 1503 941 sinistram
1521 893 1626 942 vero
1642 895 1734 942 aliae
1749 892 1850 941 sunt
1865 895 1991 957 liter}

119 960 249 1008 terin
265 963 508 1027 peripheria
527 959 772 1026 spestmtur
786 992 801 1014 ,
832 977 944 1026 quos
969 965 1017 1011 B.
1078 962 1239 1030 pariter
1267 962 1614 1020 abbreuiatae,l'1c
1632 967 1783 1032 ffi-ffn,
1802 981 1899 1029 quae
1916 983 1992 1012 ex-

123 1029 394 1087 Pudentem,
415 1046 463 1079 vt
480 1029 671 1077 diximus
688 1034 864 1078 Patrem
880 1062 896 1087 ,
909 1049 956 1078 ac
969 1035 1019 1079 B.
1080 1033 1248 1100 plicatae
1296 1051 1436 1099 graeco
1487 1037 1534 1082 in
1574 1035 1789 1083 idiomate
1828 1032 1991 1082 sonant

120 1101 349 1150 Pastorem
382 1101 695 1169 Presbyterum
725 1101 1021 1149 demonstrare
1036 1103 1197 1166 Βμῆτηρ
1211 1102 1298 1151 Oe}
1322 1134 1336 1159 ,
1368 1104 1501 1152 latine
1528 1104 1710 1154 -redditae
1738 1107 1886 1154 Mater
1902 1105 1991 1152 Dei

119 1170 294 1229 iudico,
310 1189 412 1220 cum
430 1171 500 1219 hic
515 1176 554 1222 S.
568 1170 771 1221 Praxedis
788 1171 919 1219 deseri
925 1171 1023 1239 pfis-
1086 1172 1329 1240 significant
1340 1205 1353 1218 .
1387 1174 1521 1238 Qod
1553 1177 1686 1222 literis
1701 1176 1908 1242 expressit
1919 1175 1996 1223 Pi-

121 1239 222 1293 -sent
237 1247 400 1301 astawt
414 1241 544 1291 docet
561 1246 717 1291 Baroni
724 1261 772 1291 us
785 1241 839 1290 ad
854 1260 1025 1290 annum
1978 1241 1982 1244 ’

114 1325 151 1368 {1
161 1316 458 1374 64.nu.24.1n
471 1313 598 1362 huius
615 1319 759 1362 Arcus
771 1314 953 1361 extremi
959 1327 1027 1359 ta·-

115 1382 239 1449 tibus
249 1383 340 1431 duo
355 1381 642 1431 efformantur
664 1381 895 1448 quadrata,
913 1381 1019 1429 duas

116 1454 398 1501 continentia
415 1455 654 1519 Imagines,
666 1471 753 1518 que
771 1470 864 1500 non
877 1451 1020 1500 Musi-

113 1537 181 1569 «uo
196 1526 348 1588 Opere
365 1555 382 1580 ,
400 1521 471 1575 sed
486 1524 706 1572 coloribus
722 1542 746 1571 a
749 1524 894 1590 ppicte
907 1521 1023 1578 sunt,

111 1590 302 1641 fortasse
328 1596 377 1642 in
406 1594 557 1644 locum
588 1596 775 1644 aliarum
804 1593 1020 1642 fimiliurn

109 1662 378 1730 ¹Imaginurn
425 1686 479 1714 ex
506 1667 683 1715 Mufiuo
711 1670 862 1716 Opere
897 1663 1018 1710 iam,

111 1728 414 1794 {collapsarum
447 1725 714 1787 subrogatae.
735 1724 790 1767 Et
809 1718 899 1767 haec
917 1729 1018 1777 siffis

114 1793 172 1842 de
187 1794 256 1840 his
275 1824 290 1845 ,
308 1810 396 1856 que
414 1793 533 1840 extra
556 1792 819 1840 Oratorium
836 1786 948 1836 sunt.

1087 1249 1196 1300 ἀοῖ,
1212 1245 1347 1290 etiam
1363 1242 1510 1309 figuris
1526 1243 1812 1292 adumbrauit
1828 1275 1844 1300 2
1858 1262 1990 1294 cuma

1082 1313 1229 1362 Iesum
1249 1313 1477 1361 Christum
1494 1317 1753 1363 Dominum
1785 1313 1990 1361 nostrum

1077 1387 1127 1430 in
1145 1382 1239 1430 sinu
1256 1383 1519 1432 Beatiffirnae
1535 1386 1727 1451 Virginis
1744 1383 1993 1438 delineaue-

1082 1455 1138 1501 rit
1157 1453 1213 1500 ad
1228 1453 1566 1511 ostendendum,
1582 1454 1707 1521 quod
1721 1473 1771 1505 ex
1791 1457 1882 1502 eius
1898 1465 1999 1502 vtem.

1081 1541 1131 1571 ro
1145 1526 1318 1590 genitus
1335 1540 1600 1581 erat‚contra
1620 1528 1811 1593 impiam
1831 1522 1998 1573 Neston

1080 1595 1135 1657 rij
1155 1596 1363 1644 Haerelim
1378 1629 1393 1653 ,
1409 1599 1484 1663 qui
1500 1600 1509 1643 i
1517 1596 1640 1664 psam
1659 1591 1998 1646 Beatiffimasrb'
2031 1599 2034 1601 ’

1079 1667 1309 1730 Virginem
1321 1668 1481 1715 Christi
1485 1686 1637 1735 param
1655 1666 1925 1731 anpeffilffls’
1939 1659 1995 1706 de

1078 1752 1166 1782 oua
1199 1736 1373 1779 histum
1407 1741 1542 1771 inmte
1573 1721 1723 1767 sumus
1754 1738 1802 1769 in
1844 1728 1993 1776 nostro

1080 1787 1231 1849 Opere
1243 1785 1660 1854 Vet·Monim.part.
1673 1805 1688 1836 1
1697 1808 1805 1858 .cap-
1814 1797 1991 1862 22.Ipse

221 1861 528 1923 Ingrediamur
560 1861 700 1911 modo
728 1867 990 1909 Oratorium
1005 1863 1065 1912 ‚C
1091 1852 1292 1904 Christus
1308 1851 1557 1904 diademate
1574 1875 1804 1924 gemmato
1818 1866 1864 1912 in
1878 1869 1997 1915 Cru-'

112 1932 238 1990 quius
254 1931 483 1976 interiores
499 1935 643 1990 partes
660 1920 833 1969 mufiuo
853 1939 1023 1987 opere*
1084 1927 1144 1975 cis
1159 1925 1303 1974 forma
1314 1928 1503 1993 cingitur
1523 1947 1536 1985 3
1555 1928 1718 1979 sinistra
1735 1948 1854 1983 tenet
1873 1937 1992 1986 Vela-

115 2013 298 2048 ornatas
324 2029 340 2052 ,
370 1996 596 2063 sequentes
628 1991 836 2040 exhibent
866 1992 1024 2040 tabulae
1084 2013 1191 2044 men
1209 1997 1450 2061 expansum
1470 2030 1483 2053 ,
1512 2001 1558 2046 in
1588 2020 1681 2067 quo
1693 2003 1874 2070 legitur:
1894 2012 1928 2056 Ε
1929 2025 1988 2073 go

115 2070 197 2118 sub
211 2072 553 2134 nu-IL.quarum
568 2063 734 2130 figmata.
750 2063 1023 2110 nu·A·nobi-
1069 2073 1179 2133 fitm
1194 2071 1300 2117 Lux
1313 2072 1372 2117 M
1377 2070 1488 2119 andi
1502 2068 1530 2126 ,’
1544 2071 1623 2117 hac
1635 2072 1865 2141 desumpta
1884 2079 2005 2142 Epi-⁶

119 2142 279 2188 liorem
310 2138 503 2188 eiusdem
530 2136 731 2199 Oratorij
752 2135 897 2182 locum
916 2133 1024 2181 desi-
1082 2138 1250 2203 graphe
1266 2155 1316 2184 ex
1329 2142 1575 2206 Euangelio
1591 2145 1632 2190 S.
1648 2147 1827 2194 Ioannis
1842 2150 1989 2212 cap.8.

115 2226 246 2278 guar,
266 2212 312 2258 in
331 2228 421 2276 quo
437 2226 509 2256 ara
525 2205 758 2256 constituta
773 2206 830 2254 est
847 2225 860 2262 3
895 2207 1020 2254 huius
1082 2225 1157 2257 nu.
1170 2224 1185 2255 1
1199 2209 1320 2257 2.Ad
1341 2210 1530 2259 laudatae
1544 2213 1783 2262 Coelorum
1799 2219 1986 2282 Reginae

118 2283 293 2348 parietis
307 2281 463 2329 faciem
480 2280 624 2345 aliqua
641 2279 685 2323 in
702 2294 822 2344 parte
838 2277 892 2324 ab
910 2280 1021 2326 anti·
1080 2278 1308 2328 dexteram
1321 2313 1335 2338 ,
1347 2280 1428 2329 stat
1445 2284 1588 2348 Virgo
1605 2284 1831 2334 dexteram
1847 2288 1989 2336 eleua-

122 2369 210 2416 qua
242 2351 388 2400 forma
418 2354 702 2398 immutatam
731 2348 808 2398 effe
839 2347 986 2396 iudico
1003 2380 1016 2404 ‚
1076 2364 1172 2399 tam
1189 2366 1340 2399 tenens
1357 2384 1373 2409 ‚
1401 2355 1510 2400 acin
1526 2353 1688 2400 sinistra
1705 2354 1812 2419 quid
1832 2370 1988 2404 rotun-

128 2439 232 2467 cum
260 2420 316 2468 ad
346 2420 526 2487 praesens
552 2419 646 2468 duae
676 2419 758 2467 smt
782 2438 921 2487 paru-33
944 2440 1018 2468 co·
1078 2421 1188 2469 dum
1203 2441 1355 2487 gerens
1370 2456 1386 2481 ,
1420 2441 1518 2489 quae
1533 2427 1573 2472 S.
1592 2423 1798 2472 Praxedis
1814 2426 1872 2474 est
1888 2456 1902 2481 ‚
1936 2442 1991 2475 vt

118 2490 282 2539 lumnae
294 2523 310 2548 2
325 2494 479 2559 vtpote
497 2493 631 2540 etiam
662 2496 884 2557 parastatae
895 2508 1023 2540 cumn
1086 2493 1257 2538 nomen
1275 2494 1372 2558 post
1398 2493 1604 2540 humeros
1621 2491 1829 2559 scriptum
1844 2495 1990 2555 sonat3

126 2562 335 2627 epystilio
353 2593 367 2618 ,
382 2564 611 2629 zophoro,
628 2580 791 2611 corona
807 2594 822 2619 ,
838 2579 886 2608 ac
901 2576 1019 2628 tym-
1084 2563 1199 2609 sslud
1216 2560 1602 2629 rotundum2quod
1616 2565 1663 2611 in
1681 2581 1817 2613 manu
1835 2564 1988 2622 habet,

125 2649 244 2698 pano
260 2650 310 2679 ex
327 2650 547 2683 marmore
561 2634 827 2688 construitis,
842 2635 887 2679 in
900 2633 1066 2680 cuiusD
1082 2634 1127 2679 ni
1145 2633 1351 2692 fallor,est
1364 2633 1534 2682 oblatio
1546 2635 1726 2686 floribus
1743 2634 1884 2700 sparsa
1899 2666 1916 2690 ,
1931 2633 1984 2681 fi-

126 2701 276 2750 medio
295 2705 548 2753 Beatiffima
575 2707 712 2772 Virgo
726 2706 871 2754 Maria
890 2705 1026 2752 Chri·
1083 2705 1137 2751 ue
1149 2720 1378 2761 coronata,
1397 2723 1533 2770 quam
1553 2708 1676 2766 antiq
1686 2708 1725 2751 ui
1745 2703 1892 2751 fideles
1906 2705 1988 2752 in„

125 2772 246 2820 stum
275 2771 414 2819 filium
432 2773 557 2822 suum
570 2778 852 2843 Vnigenitum
884 2780 946 2823 D.
959 2778 1026 2824 N.
1062 2806 1064 2808 -
1084 2774 1255 2822 sacrifici
1258 2776 1297 2839 js
1307 2774 1564 2831 offerebant,
1578 2774 1631 2821 de
1648 2768 1807 2839 duibus
1820 2791 1902 2821 nos
1915 2771 1985 2820 su-

126 2843 179 2898 in
192 2841 284 2890 sinu
303 2842 482 2900 habens,
501 2848 546 2892 in
560 2862 792 2912 gemmato
822 2845 941 2894 sedet
956 2845 1024 2894 so-

122 2910 185 2959 lio
197 2944 222 2971 γ
238 2931 345 2978 quas
360 2913 516 2979 figuras
533 2919 589 2964 ad
602 2917 840 2966 faciliorem
865 2920 1018 2984 cogni-

125 2985 314 3041 tionem,
331 2983 490 3051 absque
509 2990 766 3034 marmoreis
785 3005 1020 3036 ornamen-

125 3055 182 3100 tis
217 3056 503 3120 expreffimus
530 3087 547 3112 ,
575 3065 621 3104 ὃς
652 3058 771 3104 iuxta
799 3058 993 3106 formam
1005 3088 1022 3113 ‚

127 3141 265 3189 quam
295 3126 582 3174 iudicauimus
596 3159 611 3184 2
644 3127 888 3192 antiquitus
905 3124 1024 3174 fuiffe

130 3195 368 3242 delineatas
384 3228 396 3241 .
429 3201 509 3244 Hae
523 3197 670 3263 figurae
687 3196 820 3245 hodie
836 3196 1025 3244 minime

1083 2844 1163 2913 pra
1191 2847 1271 2894 fati
1301 2847 1448 2893 sumus
1461 2847 1509 2892 in
1542 2848 1736 2910 cap.VI[.
1755 2844 1982 2892 occasione

1081 2916 1247 2966 Mufiui
1264 2917 1424 2982 Operis
1439 2913 1630 2961 Ecclefiae
1647 2914 1885 2976 SS.Cosme
1901 2947 1917 2970 ,
1935 2922 1982 2962 δε

1078 2987 1293 3035 Damiani
1306 3016 1320 3041 ,
1338 2993 1383 3033 &
1399 2985 1502 3032 alibi
1521 3023 1532 3034 .
1549 2983 1625 3031 Ad
1641 2983 1854 3032 finisti-am
1871 2983 1982 3031 eius-

1079 3058 1182 3104 dem
1213 3055 1480 3103 Beatiffimae
1510 3056 1701 3121 Virginis
1727 3057 1882 3104 Mariae
1897 3054 1976 3102 stat

1080 3127 1165 3173 alia
1181 3127 1318 3191 Virgo
1331 3157 1348 3183 ‚
1371 3123 1531 3173 scilicet
1544 3129 1583 3172 S.
1600 3125 1875 3174 Pudentiana
1892 3157 1907 3181 ‚
1936 3136 1987 3172 vt

1085 3194 1175 3261 ipsa
1192 3194 1448 3261 epigraphes
1464 3194 1630 3244 indicat
1645 3226 1660 3250 ‚
1692 3213 1778 3261 quc
1789 3196 1884 3259 pari
1899 3194 1988 3242 for-

122 3278 358 3312 cernuntur
383 3296 398 3322 ‚
424 3283 527 3316 cum
559 3267 700 3318 sericis
735 3266 1029 3334 velaminibus
1086 3283 1162 3313 ma
1175 3265 1449 3315 oblationem
1468 3279 1730 3332 coronatam
1748 3275 1884 3312 tenet.
1897 3267 1990 3330 (Σοἶ

1798 3335 1916 3381 lum-
