2378 3674
527 245 584 287 18
763 239 2017 292 VETERAMONIMENTA

454 363 488 392 >a
522 340 776 396 constituti,
808 340 1025 389 mundum
1042 357 1134 388 non
1151 331 1229 401 else
1256 338 1454 408 dixi-A„
1485 354 1555 388 tur
1577 372 1592 396 ,
1622 337 1815 386 osculum
1832 369 1847 394 ‚
1876 357 1968 404 quo
1995 338 2100 386 fides
2126 337 2299 392 sancta«,

453 435 486 461 a>
527 414 575 461 sti
593 445 609 469 ,
640 410 763 477 quod
801 410 1098 477 vnusquisque
1131 410 1356 460 nostrum,
1422 443 1453 467 „
1482 410 1699 476 lignatus.
1717 408 1936 456 Laudatus
1952 409 2079 465 notat
2097 407 2299 473 Albaspi-

455 505 488 531 n
526 482 669 530 adhuc
683 481 875 536 horreat,
893 479 1158 536 exosculari,
1177 497 1254 528 nec
1272 481 1356 527 hoc
1415 498 1519 528 neus
1537 511 1551 535 a
1568 481 1713 526 locum
1731 479 1845 525 hunc
1862 479 1916 525 ad
1935 476 2212 544 baptismatis
2230 476 2300 523 os-

453 575 486 600 as
521 567 727 618 putamus
741 550 796 597 ad
809 550 1030 598 coelestem
1044 553 1233 617 gratiam
1248 549 1356 597 dan-
1411 550 1560 597 culum
1578 547 1764 596 alludere
1782 577 1796 602 ,
1825 565 1873 594 ac
1887 547 2022 595 fidem
2041 549 2299 612 exprimere,¹
2357 611 2363 614 ⁵

455 645 488 671 aa
520 621 627 668 dam
645 620 970 685 impedimento
999 620 1079 668 effe
1113 634 1319 685 oportere
1335 651 1350 675 ‚
1413 637 1499 685 que
1516 621 1561 667 in
1585 615 1853 684 Baptismate
1869 621 2087 683 recipitur,
2105 634 2151 663 ac
2171 615 2298 663 oscu-

454 715 486 741 »
514 690 730 756 scriptum
749 690 807 738 est
826 692 946 738 enim
967 708 979 736 :
1012 692 1164 737 omnia
1182 688 1349 736 munda
1410 691 1455 735 lo
1472 689 1637 754 signata
1656 719 1669 743 ,
1695 695 1738 735 δέ
1755 684 1981 754 obsignata
2001 701 2092 735 erat
2110 718 2125 742 ,
2160 685 2295 751 idque

455 785 488 810 π
516 761 616 808 sunt
633 760 810 808 mundis
829 793 840 804 .
861 762 958 808 Nec
974 760 1133 824 aliquis
1149 758 1345 805 nostrum
1407 761 1599 822 antiquis
1613 756 1835 813 Patribus,
1852 775 2094 823 corumque
2114 756 2298 803 1)οᾶτί-

456 854 486 881 a,
513 831 558 878 id
588 829 718 877 debet
749 830 926 877 horrere
946 860 961 884 ‚
994 829 1117 893 quod
1140 832 1260 875 Deus
1281 827 1346 873 di·-
1404 844 1459 889 ne
1472 828 1704 874 conforme
1734 825 1812 874 esse
1829 823 1996 882 afferit3
2031 829 2295 889 Quoniam..

453 924 484 949 a>
512 914 671 964 gnatus
688 899 745 946 est
767 899 902 945 facere
928 930 939 942 .
962 902 1087 946 Nam
1113 897 1187 944 etsi
1203 897 1344 943 adhuc

450 991 483 1017 aa
512 968 656 1014 infans
675 969 698 1012 a
717 981 844 1031 partu
866 983 1006 1013 nouus
1021 966 1077 1012 est
1095 997 1108 1020 ,
1139 982 1232 1011 non
1248 967 1344 1013 ita„

450 1059 480 1087 υ
513 1036 571 1083 est
589 1050 754 1090 tamen,
772 1050 821 1083 vt
839 1033 1164 1100 quisqueillum
1183 1036 1228 1081 in
1246 1052 1344 1099 gra-

1404 896 1509 943 s1cut
1524 897 1819 943 Tertullianus
1836 895 1972 952 ducit3
1990 893 2186 942 osculum
2217 913 2293 960 pa-

1401 967 1462 1010 cis
1493 966 1539 1011 in
1574 962 1694 1011 mifl'a
1740 967 1953 1012 orationis
1996 965 2292 1030 signaculum„

1402 1047 1521 1089 erat,
1549 1034 1608 1080 ita
1634 1037 1674 1080 S·
1708 1034 1968 1082 Ambrofius
1996 1038 2259 1100 pronunciat
2277 1065 2292 1089 ,

449 1131 481 1157 υ
516 1108 576 1153 tia
593 1105 735 1151 danda
752 1136 765 1160 ,
781 1120 913 1169 atque
928 1106 973 1148 in
994 1122 1099 1166 pace
1111 1104 1344 1150 facienda..
1370 1125 1401 1164 B
1425 1103 1546 1167 quod
1559 1117 1650 1150 erat
1665 1102 1935 1169 signaculum
1953 1103 2053 1151 fidei
2071 1123 2084 1160 3
2105 1121 2293 1169 quamo-

448 1199 479 1227 2,
516 1175 688 1222 horrere
705 1168 859 1218 debeat
875 1169 1054 1217 osculari
1071 1188 1084 1226 3
1103 1169 1285 1234 quando
1301 1174 1347 1217 in
1406 1170 1531 1218 brem
1549 1188 1760 1236 apparet,
1782 1175 1899 1237 pacis
1914 1172 2109 1220 osculum
2137 1174 2229 1220 tam
2246 1174 2292 1219 in

448 1269 481 1296 2,
516 1241 662 1290 osculo
680 1241 860 1287 infantis
887 1238 1180 1304 vnusquisque
1202 1239 1344 1287 nostru

1405 1239 1666 1304 baptismate
1683 1271 1696 1294 ,
1727 1241 1865 1305 quam
1877 1245 1924 1286 in
1942 1241 2069 1289 Miffa
2082 1241 2201 1289 fuiffe
2214 1242 2291 1287 da-

450 1333 480 1356 »
518 1329 599 1378 pro
632 1309 704 1357 sua
738 1311 948 1375 religione
968 1308 1079 1373 ipfiis
1105 1308 1247 1355 adhuc
1278 1328 1345 1356 re·
1404 1322 1525 1355 tum.
1546 1312 1760 1374 Hancque
1777 1308 1964 1356 eandem
1984 1308 2259 1374 disciplinam
2275 1341 2290 1365 ,

450 1397 481 1423 υ
514 1395 658 1429 centes
677 1382 762 1427 Dei
786 1395 941 1426 manus
961 1377 1115 1424 debeat
1130 1381 1344 1443 cogitare,

448 1467 481 1494 υ
519 1468 627 1517 quas
643 1451 689 1496 in
708 1450 889 1496 homine
907 1446 1044 1499 modo
1061 1447 1280 1504 formato,
1297 1458 1342 1496 &

450 1537 484 1564 ‘n
513 1537 658 1568 recens
676 1534 812 1574 nato,
844 1516 1187 1582 quodammodo
1219 1517 1340 1565 exos—

451 1609 482 1636 „
511 1592 734 1643 culamur‚
761 1588 942 1653 quando
959 1586 1164 1651 id‚quod
1187 1591 1337 1636 DEVS

1401 1378 1555 1425 ordine
1576 1381 1789 1427 Romano
1816 1378 2097 1444 comprobari
2133 1378 2288 1426 scimus

1399 1449 1446 1493 in
1459 1448 2027 1511 Trastamceremoniartim
2043 1449 2288 1515 Baptisma-

1398 1519 1451 1566 tis
1469 1549 1483 1573 2
1518 1518 1593 1566 vbi
1624 1519 1805 1567 refertur
1821 1550 1836 1574 ,
1857 1518 2124 1584 Episcopum
2141 1550 2154 1573 ‚
2172 1518 2287 1584 post-

1397 1605 1533 1652 quam
1549 1590 1788 1653 Baptizatis
1802 1587 2007 1636 candidas
2019 1587 2186 1636 dederit
2202 1595 2287 1638 Ve-

447 1676 479 1709 >³
506 1661 623 1713 fecit,
645 1659 950 1722 amplectimur
967 1690 979 1700 .
1397 1659 1478 1703 stes
1497 1688 1511 1712 ,
1558 1657 1720 1704 eisdem
1762 1658 1902 1705 dicere
1933 1675 1964 1722 τι
1981 1675 2073 1725 pax
2093 1674 2228 1708 tecum
2261 1688 2276 1713 2

573 1730 698 1774 Hanc
724 1724 907 1773 eandem
925 1728 1141 1793 Cypriani
1157 1728 1342 1775 auetori-
1404 1745 1538 1792 quare
1553 1726 1628 1788 iste
1646 1744 1773 1775 voces
1801 1725 1899 1774 sunt
1916 1757 1930 1781 ,
1961 1743 2047 1791 que
2062 1732 2108 1772 in
2136 1727 2283 1775 osculo

447 1810 585 1845 tatem
596 1795 872 1862 Magnusille
883 1796 1346 1863 HypponenefisEpis-
1403 1799 1519 1861 pacis
1554 1798 1896 1860 pronunciantur
1911 1827 1926 1851 ,
1966 1805 2010 1844 δε
2045 1797 2144 1843 licet
2174 1797 2285 1844 ordo

446 1883 581 1932 copus
597 1865 867 1932 Augustinus
888 1867 975 1916 fere
992 1865 1154 1914 eisdem
1169 1867 1329 1932 allegat
1344 1897 1382 1940 C
1406 1867 1575 1912 nullam
1591 1864 1644 1911 de
1659 1866 1736 1912 hac
1748 1869 1917 1914 actione
1930 1867 2204 1913 mentionem
2219 1867 2283 1914 fa-

446 1935 650 1984 verbisin
665 1936 741 1982 lib.
759 1950 807 1996 4.
822 1934 877 1982 ad
897 1938 1176 1986 Bonifacium
1196 1940 1338 2002 cap.8.
1396 1938 1481 1983 ciat
1496 1967 1511 1991 ,
1542 1936 1830 1983 nihilominus
1860 1937 1987 1983 refert
2006 1936 2136 1985 verba
2152 1967 2166 1992 ,
2197 1955 2283 2002 que

444 2020 596 2052 contra
611 2005 717 2054 duas
741 2005 956 2072 Epistolas
975 2006 1338 2072 Pelagianorum,
1396 2006 1566 2073 semper
1594 2003 1735 2070 ipsam
1778 2005 1993 2053 sociantur
2034 2008 2250 2053 actionem
2268 2038 2283 2063 ,

447 2076 742 2141 nonnullique
776 2078 833 2123 ali
836 2097 852 2137 j
889 2078 1151 2124 recentiores
1181 2076 1339 2123 ambo·
1397 2075 1755 2141 demonstratque
1774 2078 2029 2141 Baptizatos
2063 2074 2282 2123 deoscula-

443 2161 545 2191 rum
558 2149 741 2192 Patrum
756 2146 947 2192 referunt
964 2145 1209 2199 dictafinter
1224 2164 1336 2212 quos
1395 2148 1447 2192 ri·
1461 2150 1554 2208 Hec
1570 2145 1768 2193 laudatus
1786 2144 1931 2192 Albas
1922 2148 2072 2211 pineus
2089 2183 2100 2194 .
2117 2145 2281 2192 Itidem

444 2212 602 2277 Ioseph
619 2217 894 2260 Vice-comes
911 2214 957 2259 in
986 2212 1063 2260 suo
1081 2219 1265 2261 tractatu
1284 2214 1336 2261 de
1393 2214 1506 2277 sacre
1528 2214 1700 2277 historie
1718 2216 2000 2282 peritiffimus
2019 2219 2167 2280 Lupus
2185 2233 2283 2280 pre-

446 2283 645 2346 antiquis
676 2280 889 2348 Baptismi
918 2282 1073 2330 ritibus
1092 2313 1105 2338 ‚
1136 2301 1184 2330 ac
1210 2302 1334 2331 caere-
1393 2285 1559 2332 dictum
1599 2288 1732 2332 etiam
1781 2289 1820 2332 S.
1849 2287 2065 2351 Cypriani
2107 2285 2281 2334 locum..

445 2351 611 2412 monijs
627 2350 703 2398 lib.
728 2366 769 2409 5.
786 2368 880 2416 cap.
907 2367 944 2402 1.
961 2353 1036 2401 vbi
1052 2355 1099 2400 in
1115 2352 1198 2400 fine
1211 2355 1334 2401 colli-
1392 2355 1527 2402 Tom-
1547 2371 1585 2414 3.
1603 2357 1648 2400 in
1669 2353 1959 2402 dissertatione
1982 2355 2034 2401 de
2066 2358 2103 2401 S.
2124 2357 2280 2400 Leonis

444 2421 542 2484 git,
569 2421 684 2467 hunc
715 2419 934 2468 osculandi
951 2440 1127 2471 morem
1147 2422 1222 2470 diu
1250 2426 1329 2470 im.
1394 2426 1477 2473 IX.
1495 2429 1597 2471 abiis
1614 2427 1814 2471 Crimine
1845 2429 2001 2472 offiano
2033 2443 2131 2489 pag.
2162 2442 2191 2478 9
2206 2439 2274 2482 14.

447 2489 661 2556 Baptismi
679 2494 955 2538 Sacramento
977 2490 1139 2539 duraffe
1153 2524 1167 2548 ,
1187 2492 1326 2540 donec
1395 2493 1587 2542 adducit.
1604 2499 1750 2557 (Qare
1766 2513 1818 2541 ex
1835 2496 2017 2559 allegata
2039 2499 2074 2544 S.
2090 2496 2279 2560 Cypria—-

449 2562 585 2607 veteri
603 2560 879 2625 simplicitate
894 2563 940 2608 in
955 2562 1219 2618 fraudeim&
1234 2580 1329 2609 ma-
1393 2566 1437 2610 ni
1456 2567 1710 2611 austoritate
1729 2595 1743 2619 ,
1762 2583 1809 2611 ac
1824 2569 2057 2612 citatorum
2079 2566 2273 2628 Scripto-

450 2629 593 2676 litiam
609 2632 718 2679 verti
731 2645 994 2696 coepta,eum
1014 2632 1215 2698 prudenti
1229 2649 1334 2678 con-
1349 2651 1493 2703 Drum
1528 2634 1755 2695 sententijs
1779 2635 1916 2681 infero
1934 2665 1947 2689 ,
1980 2637 2114 2680 ritum
2135 2633 2244 2678 hunc
2261 2663 2277 2689 ‚
2346 2644 2349 2666 ⁴

447 2699 541 2747 filio
558 2705 704 2748 Patres
723 2701 778 2748 ab
797 2701 980 2749 Eccle‘fia
997 2702 1266 2750 sustulerunt.

517 2774 607 2818 Pro
626 2773 783 2818 maiori
810 2771 938 2818 huius
967 2771 1188 2819 sententire
1205 2773 1337 2820 robo-

390 2861 395 2867 ·
443 2856 487 2884 re
503 2870 518 2893 ,
547 2841 852 2888 auctoritatem
881 2841 1102 2889 Gabrielis
1124 2841 1329 2909 Albaspi-

443 2910 513 2954 nei
540 2910 864 2958 Aurelianensis
900 2911 1129 2976 Episcopi,
1168 2911 1327 2960 addere

445 2976 551 3023 volo
570 3009 584 3031 ,
601 2982 677 3043 qui
694 2983 741 3026 in
757 2981 832 3026 suo
853 2985 1037 3028 tractatu
1055 2981 1107 3027 de
1123 2983 1328 3028 Euchari-

448 3044 524 3091 stia
542 3046 617 3095 lib.
636 3063 677 3093 2.
702 3066 734 3097 c.
765 3064 829 3107 15.
849 3054 887 3097 S.
913 3050 1138 3113 Ambrofij
1154 3052 1329 3101 locum„

449 3115 494 3159 in
509 3115 752 3175 Psalm.39.
769 3118 945 3168 adducit
963 3139 976 3177 3
997 3121 1070 3169 vbi
1091 3120 1172 3168 fic:
1193 3120 1333 3169 Oscu-

445 3215 476 3240 „
507 3188 600 3232 lum
617 3218 632 3241 ‚
668 3185 791 3252 quod
811 3187 931 3235 sacrat
949 3193 1064 3254 pacis
1079 3191 1242 3256 infigne
1260 3192 1333 3247 est,

446 3285 484 3312 2>
509 3253 705 3305 osculum
721 3287 737 3314 ‚
765 3274 855 3324 quo
882 3261 1071 3308 amicitia
1088 3260 1171 3307 fida
1189 3260 1332 3309 firma-

1399 2702 1675 2751 deosculandi
1693 2707 1961 2769 baptizatos,
1977 2706 2108 2750 etiam
2127 2704 2172 2747 in
2188 2701 2277 2747 sex-

1396 2771 1569 2834 tis‘gculi
1601 2773 1685 2820 fine
1707 2772 1883 2839 viguisse
1902 2807 1912 2817 .
1942 2779 2087 2835 Qare
2108 2769 2162 2816 ad
2181 2789 2275 2818 rem
2342 2770 2343 2794 ³

1395 2843 1586 2889 nostram
1604 2861 1614 2889 τ
1648 2843 1950 2891 Theodelinda
1970 2844 2064 2888 tum
2099 2855 2275 2905 propter
2339 2851 2342 2856 ’

1395 2912 1701 2960 verecundiam
1715 2945 1728 2968 ‚
1746 2929 1840 2961 tum
1854 2915 1984 2959 etiam
2000 2927 2053 2956 ne
2067 2908 2273 2958 fortasse„
2338 2919 2339 2927 ¹

1390 2999 1512 3029 nouo
1529 2985 1702 3048 coniugi
1722 3016 1736 3039 ,
1766 3002 1816 3029 ex
1832 2980 1976 3027 osculo
2007 2980 2154 3045 aliqu-a
2186 2984 2272 3027 ori-
2334 3002 2336 3037 J

1389 3066 1504 3099 retur
1522 3053 1749 3119 Zelotypie
1766 3050 1907 3115 paffio
1923 3082 1936 3104 ,
1958 3051 2101 3096 noluit
2120 3049 2174 3095 ab
2193 3051 2273 3096 ali-

1390 3140 1481 3186 quo
1496 3121 1753 3187 Presbytero
1784 3119 2021 3184 baptizari,
2048 3119 2273 3185 sedimpe-
2330 3114 2332 3142 Γ

1392 3205 1504 3238 trata
1520 3189 1574 3235 ab
1590 3190 1805 3254 Episcopo
1820 3191 2170 3244 liceritia71nunus
2190 3190 2270 3238 hoc
2326 3195 2329 3238 ἕ

1391 3260 1516 3307 alicui
1533 3258 1782 3315 confidenti,
1799 3267 1841 3308 δε
1857 3258 1999 3306 forsan
2011 3258 2270 3322 cons-„tugiu—
2324 3267 2327 3310 j

2120 3347 2203 3374 Fi‘cst)
