2378 3674
658 221 1447 292 CAPVT'XXX.

132 357 290 387 norum
331 342 544 389 Canones
577 337 740 407 pa'rtim
771 341 1058 409 deflexum-‚A

127 407 400 464 contexuisse,
433 427 510 458 nec
526 410 727 460 sustuliss'e
745 425 895 460 tamen
911 430 1015 460 con—

129 479 350 527 trouersias
374 498 529 530 omnes
547 481 788 530 Paschales.
807 483 1010 531 Tandem

122 551 378 615 Dionysium
431 553 643 603 Abbatem
704 567 1008 616 cognomento

122 620 350 685 Exiguum
378 655 389 666 ·
439 624 601 670 Graecis
618 652 632 676 ,
671 621 923 689 Latinisque
956 624 1009 671 li-

125 690 228 735 teris
245 691 465 739 excultum
483 722 497 746 ,
515 691 538 739 a
559 695 767 740 Petronio
791 692 1012 759 Episcopo

124 774 330 822 rogatum
347 792 362 816 ,
390 762 583 827 Cyclum
608 761 858 812 paschalem
873 782 1013 812 anno-

124 843 223 874 rum
239 834 368 879 XCV
381 829 634 888 concinass'e,
652 835 900 898 Cyrilliano
921 833 1012 882 suc-

127 896 381 957 cedaneum,
395 902 570 949 initium
591 906 754 969 quippe
768 896 1013 970 capientem

124 966 178 1012 ab
195 971 409 1029 A-C-532
426 1003 441 1027 ‚
455 989 555 1019 cum
575 989 694 1021 anno
714 974 921 1041 superiori
939 976 1012 1022 ille

124 1037 289 1085 exitum
304 1039 546 1098 habuisset,
573 1047 690 1109 Qia
718 1059 865 1092 autem
881 1047 1012 1112 pleri-

1798 262 1816 295 1
1827 264 1879 308 73

1080 352 1100 398 5
1109 354 1131 400 3
1146 356 1170 387 2
1186 356 1405 386 annorum
1423 337 1540 405 apud
1552 340 1789 406 AEgyptios
1803 349 1949 390 aueto-

1072 428 1117 457 re
1135 410 1208 456 obi
1211 410 1268 469 jci
1300 407 1467 474 possent
1492 444 1504 454 .
1537 417 1596 461 In
1626 412 1949 480 capitesecnnclo

1070 481 1122 528 de
1131 480 1361 547 deftc‘libus
1378 480 1503 530 huius
1532 483 1652 548 Cycla·
1667 482 1826 544 agitur,
1841 499 1953 546 quo-

1068 567 1169 597 rum
1182 567 1292 598 vnus
1309 567 1359 596 ex
1376 552 1536 596 Lunari
1559 551 1870 614 anticipatione
1885 569 1952 596 or-

1070 633 1139 666 tus
1155 651 1170 675 ,
1187 619 1491 685 veteribusque
1504 622 1680 684 ignotus
1695 650 1709 675 ,
1729 620 1879 682 Cyclis
1895 622 1954 668 fe-

1070 689 1116 736 re
1135 689 1343 738 omnibus
1362 692 1614 737 communis
1632 689 1689 736 est
1702 720 1717 744 ‚
1748 694 1854 735 alter
1885 704 1957 736 ven

1070 758 1119 805 ro
1135 759 1703 824 Enneacontapenta'e'teridi
1722 760 1922 824 proprius
1942 790 1957 813 ‚

1070 830 1192 894 quod
1225 832 1382 879 scilicet
1408 833 1601 876 exaitam
1629 830 1835 877 feriarum
1848 845 1958 892 apo-

1069 901 1287 950 catastafin
1301 918 1393 948 non
1412 903 1606 947 continet
1624 916 1638 954 3
1657 897 1808 947 vndea
1826 899 1956 944 Scali-

1067 988 1173 1035 gero
1204 971 1448 1036 Cyrilliana
1466 968 1698 1017 methodus
1714 985 1807 1015 non
1822 969 1955 1016 vitio-

1067 1039 1108 1086 sa
1121 1042 1263 1089 solum
1281 1074 1296 1098 ,
1325 1039 1398 1088 sed
1426 1048 1471 1087 ὃς
1501 1039 1679 1087 ridicula
1709 1037 1823 1085 dieta
1844 1036 1927 1084 fuit
1942 1069 1955 1081 .

121 1123 206 1170 que
224 1111 459 1175 Scriptores
473 1142 486 1166 ,
506 1115 618 1160 inter
637 1132 750 1180 quos
784 1133 1050 1173 enumera-B
1068 1114 1196 1159 Hunc
1216 1127 1365 1159 tamen
1382 1109 1599 1158 defectum
1615 1127 1706 1156 non
1720 1108 1743 1154 a
1774 1109 1955 1170 Diony—

119 1177 480 1250 turdoetiffimus
500 1187 726 1231 Antonius
761 1190 920 1251 Pagius
937 1189 1017 1235 in„

118 1247 411 1297 diflertatione
427 1252 480 1299 de
496 1253 828 1318 periodoGreco
846 1261 1015 1304 Roma-

119 1320 641 1372 na7animaduersionibus
658 1327 703 1371 in
720 1327 901 1388 Earonij
919 1331 1016 1373 An-

119 1388 240 1434 nales
257 1389 440 1453 praefixa,
459 1392 680 1456 Dionysio
700 1394 899 1442 tribuunt
920 1401 1014 1459 Cy-

117 1449 233 1502 clis'in
252 1463 480 1507 DXXXII
511 1478 728 1510 annorum
746 1494 763 1519 ,
797 1479 1015 1530 negatur,

117 1524 201 1571 hoc
216 1525 359 1592 ipsum
377 1546 476 1577 cum
507 1534 690 1578 Petauio
706 1552 757 1579 ex
788 1533 1013 1581 Ceolfredi

115 1595 307 1643 Abbatis
326 1598 543 1660 Bedaeque
574 1594 795 1641 testimoni
798 1597 836 1655 js
856 1608 1011 1640 contra

112 1661 229 1711 secus
261 1665 491 1711 sentientes
507 1662 750 1729 disputatur
763 1696 778 1720 ,
813 1681 861 1710 ac
882 1664 1009 1711 Bedae

117 1731 337 1791 tribuitur,
357 1733 477 1799 quod
495 1734 549 1780 ab
565 1737 742 1793 A.C.53
755 1750 792 1780 2.
809 1733 863 1779 ad
887 1742 1005 1791 1063

115 1805 307 1864 Cyclum
322 1800 535 1865 digesserit
548 1831 563 1856 ,
579 1805 653 1866 qui
683 1804 895 1849 tamenin
907 1803 1009 1849 alie-

1073 1180 1134 1228 sio
1151 1180 1293 1231 solum
1311 1212 1326 1236 ‚
1345 1179 1450 1226 seda
1467 1180 1640 1241 Cyrillo
1659 1195 1839 1244 quoque
1859 1194 1954 1240 per-

1075 1250 1268 1315 specitum
1300 1248 1393 1297 imo
1406 1248 1461 1294 ab
1495 1262 1684 1312 Vtroque
1709 1249 1953 1293 correstum

1073 1319 1193 1368 fuisse
1237 1319 1447 1385 probatur
1483 1351 1496 1362 .
1532 1318 1752 1373 Quamuis
1783 1328 1958 1361 autem„

1074 1390 1373 1453 Dionysianus
1402 1388 1569 1451 Cyclus
1600 1385 1846 1452 propositus
1879 1400 1962 1454 pu-

1074 1459 1184 1508 blice
1199 1493 1214 1516 ,
1259 1458 1346 1507 &a
1371 1459 1524 1505 multis
1540 1457 1737 1519 Ecclesijs
1754 1454 1960 1501 admistus

1068 1529 1197 1578 fuerit
1215 1560 1228 1584 ,
1251 1547 1343 1578 non
1357 1525 1533 1577 defuisse
1567 1541 1718 1582 tamen
1744 1528 1790 1572 in
1808 1522 1933 1570 Italia
1947 1553 1962 1575 ‚

1068 1600 1215 1636 Gallia
1233 1621 1247 1645 ‚
1277 1609 1321 1637 o<
1339 1595 1550 1637 Hibernia
1566 1618 1581 1642 ‚
1608 1591 1686 1653 qui
1711 1589 1856 1636 eidem
1886 1590 1960 1635 Vi-

1069 1661 1309 1719 &orianam
1339 1657 1574 1721 periodum
1606 1660 1874 1720 praetulerint
1907 1674 1957 1703 ex

1067 1728 1202 1789 varijs
1217 1728 1411 1791 antiquis
1431 1725 1700 1773 Audtoribus
1726 1728 1861 1795 capite
1874 1740 1957 1774 ter-

1068 1800 1124 1847 tio
1142 1796 1308 1844 erudite
1330 1795 1651 1843 demonstratur
1670 1828 1683 1842 .
1709 1795 1882 1860 Qibus
1899 1798 1958 1842 ita

113 1889 223 1918 num
240 1870 370 1936 plane
387 1872 536 1917 locum
566 1889 753 1936 operum
768 1870 896 1936 ipsius
913 1872 1047 1919 fue-C
1062 1866 1294 1936 propositis
1325 1866 1381 1912 ad
1408 1881 1551 1932 partes
1570 1867 1701 1931 Cycli
1718 1871 1957 1914 Rauenna-

115 1944 171 1988 rit
199 1944 376 1988 reicitus
395 1974 406 1986 .
435 1939 515 1987 Sed
529 1958 630 1987 cum
663 1942 828 1990 mirum
862 1942 1002 1989 videri

114 2012 250 2077 possit
265 2043 280 2067 ,
297 2011 419 2077 quod
438 2010 680 2077 Dionysius
699 2013 841 2077 Cyclo
857 2016 1005 2058 Victo-

114 2081 166 2144 rij
198 2083 426 2148 repudiato
444 2113 458 2137 ,
487 2081 671 2145 systema
687 2096 748 2140 95
781 2098 1004 2129 annorum

113 2151 412 2217 conscripserit
427 2183 443 2208 ‚
471 2153 517 2199 in
537 2171 628 2218 quo
646 2154 702 2200 ob
719 2155 1008 2200 intercurren-

113 2237 174 2269 tes
195 2221 391 2271 bissextos
407 2222 497 2270 dies
515 2222 677 2271 Pascha
706 2226 824 2271 varia
836 2224 1004 2270 ratione

58 2289 69 2301 ⁸
113 2295 415 2348 occurrit3cum
431 2308 578 2340 tamen
592 2293 709 2341 facili
725 2296 908 2359 negotio
927 2295 1006 2342 Vi-

116 2363 237 2426 &orij
257 2362 491 2412 Periodum
509 2364 564 2411 ad
595 2365 1004 2412 Alexandrinorum

115 2435 318 2481 Canones
331 2465 346 2490 ,
364 2452 475 2499 quos
498 2434 664 2482 secutus
681 2435 754 2492 est,
774 2434 1006 2500 redigero..

115 2502 322 2565 potuisset
339 2522 352 2556 3
368 2508 539 2552 Auetor
554 2505 697 2553 noster
714 2506 874 2562 censet,
889 2508 1004 2552 Dio-

117 2572 359 2636 nysio‚cum
371 2573 446 2621 fibi
460 2574 742 2640 proposuisset
757 2575 1011 2625 Paschalem

1042 1959 1046 1963 ·
1062 1942 1116 1986 tis
1131 1937 1351 2003 sigillatim
1370 1935 1648 2003 explicandas
1680 1935 1962 1985 Clarissimus

1067 2012 1235 2057 Austor-
1266 2006 1487 2055 descendit
1519 2008 1566 2054 in
1598 2010 1732 2077 capite
1757 2021 1913 2072 quarto
1938 2034 1955 2058 s

1066 2080 1351 2146 primumque
1366 2078 1419 2125 de
1434 2080 1580 2141 Cyclo
1600 2080 1780 2133 Lunari,
1798 2079 1951 2138 (cuius

1064 2151 1232 2215 primus
1257 2165 1428 2196 annum
1455 2166 1558 2194 cum
1594 2161 1755 2213 quarto
1777 2146 1954 2192 decem-

1062 2219 1301 2267 nouennali
1312 2220 1598 2284 componitur
1609 2220 1627 2278 )
1640 2217 1817 2284 eiusque
1834 2213 1959 2263 diffe-

1062 2291 1200 2337 rentia
1218 2289 1241 2336 εὶ
1257 2289 1651 2337 decemnouennali
1672 2286 1811 2335 stricte
1827 2286 1881 2334 sie
1897 2283 1964 2331 di-

1066 2365 1135 2408 <ao
1156 2377 1305 2425 agens,
1325 2361 1528 2426 Scaligeri
1547 2357 1718 2424 lapsum
1734 2361 1781 2404 in
1799 2356 1883 2402 hoc
1903 2373 1970 2402 ar-

1065 2445 1282 2499 gumento
1295 2433 1446 2478 acriter
1468 2427 1749 2495 reprehendit
1768 2461 1780 2473 .
1813 2423 1969 2473 Erudi-

1067 2503 1112 2549 te
1138 2501 1238 2549 sane
1274 2501 1435 2568 probat
1454 2500 1649 2565 Cyclum
1667 2500 1797 2545 illum
1815 2499 1959 2542 Luna-

1069 2591 1162 2620 rem
1176 2572 1379 2621 methodi
1394 2574 1536 2639 gratia
1551 2569 1606 2618 ab
1624 2570 1709 2617 illis
1722 2568 1821 2636 ipsis
1836 2597 1850 2621 ,
1890 2565 1967 2629 qui

117 2642 308 2690 Ecclesiae
334 2644 640 2694 Alexandrinae
665 2645 933 2694 methodum
963 2649 1059 2694 inD*
1076 2642 1468 2707 decemnouennali
1485 2641 1719 2690 vtebantur
1735 2642 1968 2686 inuentum

118 2712 348 2760 Ecclesiam
366 2717 621 2763 Romanam
637 2717 840 2765 inuehere
854 2749 872 2774 ,
898 2734 1004 2766 con-

115 2781 277 2829 sultum
293 2782 434 2831 visum
450 2783 565 2841 fuiffe
595 2789 892 2850 Cyrillianum
913 2792 1007 2853 Cy-

115 2853 230 2897 clum
250 2885 264 2907 ,
291 2855 365 2919 qui
384 2853 588 2902 hactenus
618 2859 664 2903 in
684 2859 886 2924 AEgypto
901 2889 916 2913 ,
947 2859 1006 2905 ob

114 2924 315 2969 Austoris
331 2925 496 2970 simam
510 2956 525 2980 ‚
546 2924 715 2973 summa
732 2931 1006 2992 Religione„¹

116 2990 305 3039 seruatus
326 2993 478 3048 fuerat,
496 2994 551 3041 ad
569 2998 749 3041 Latinos
769 2998 1006 3053 traducere,

122 3061 385 3124 quibusdam
404 3066 560 3128 regulis
577 3063 863 3129 superadditis
877 3096 890 3119 ‚
908 3069 1007 3130 qui-

125 3129 204 3177 bus
219 3130 408 3180 eiusdem
426 3136 550 3197 Cycli
570 3134 756 3182 defefi'tus
772 3134 1007 3200 impedire-

124 3214 222 3255 tur3
257 3202 576 3269 respondetque
606 3204 660 3252 ad
688 3206 762 3252 illa
780 3236 795 3261 ,
823 3222 919 3270 quae
953 3223 1006 3252 ex

128 3272 326 3337 Georgio
356 3277 557 3337 Syncello
573 3277 625 3325 de
638 3277 819 3324 Aniano
838 3307 852 3333 ,
883 3277 1013 3339 Cycli

1066 2713 1186 2764 fuisse
1200 2747 1215 2771 ,
1239 2713 1294 2761 ad
1313 2712 1589 2781 prodendam
1609 2715 1742 2757 Lunae
1759 2718 1933 2752 aetatem
1949 2730 1965 2754 ‚

1067 2786 1113 2832 in
1141 2785 1347 2834 Kalendis
1379 2779 1593 2849 praecipue
1609 2775 1796 2836 Ianuari]
1814 2803 1828 2828 ,
1863 2786 1963 2817 cuni

1064 2855 1150 2904 hoc
1166 2856 1245 2904 nisi
1260 2872 1335 2920 per
1351 2854 1576 2916 longiores
1592 2845 1815 2909 ambages,
1830 2860 1880 2888 ex
1900 2842 1962 2888 al-

1065 2930 1197 2974 terius
1227 2925 1356 2983 Cycli
1377 2915 1792 2966 decemnouennalis
1809 2927 1962 2959 tenore

1064 2992 1238 3057 cosequi
1251 3006 1344 3037 non
1361 2984 1834 3053 poffent‚nequaquam
1859 2981 1964 3030 vero

1063 3064 1284 3127 originem
1298 3058 1422 3106 suam
1439 3056 1593 3104 debere
1624 3057 1736 3103 Iulio
1775 3051 1931 3102 Caesari
1949 3083 1964 3107 ,

1062 3132 1132 3178 sed
1161 3130 1355 3195 Cyclum
1392 3131 1643 3183 Latiarem,
1672 3136 1716 3175 δε
1747 3121 1964 3172 Kalenda-

1059 3204 1174 3250 rium
1192 3202 1413 3248 Iulianum
1432 3229 1445 3254 ‚
1472 3215 1567 3262 quae
1600 3199 1813 3247 Gauricus
1834 3195 1853 3252 <
1871 3191 1960 3237 for-

1072 3270 1148 3319 san
1165 3274 1308 3321 alieno
1328 3269 1435 3333 dolo
1451 3263 1654 3334 deceptus
1672 3268 1690 3329 >
1724 3279 1960 3327 tamquam

1843 3349 1896 3377 CX
