2378 3674
293 301 309 328 1
325 288 388 329 06'

281 385 293 395 .
315 384 325 394 .
347 383 357 394 .
378 367 398 396 e
414 347 651 396 custodiam
670 347 724 396 B.
763 343 866 390 data
893 342 965 390 die
985 342 1136 407 pridie
1151 340 1260 391 Kal.

420 417 511 466 Ma
525 424 578 463 'as

282 523 292 534 .
314 523 326 535 .
344 524 355 534 .
375 436 736 538 ῘῘΕΕῙΙΕΟΝᾹἜ.
764 481 908 531 PRO.
923 481 971 531 S.
991 482 1048 534 B.

350 559 498 622 Super
530 554 648 599 hanc
663 549 917 618 Epistolam
953 552 1138 619 copiose
1164 549 1256 599 dis-

279 627 390 675 serit
421 621 634 671 laudatus
654 622 908 689 Turrigius
938 623 984 669 in
1015 620 1105 671 suis
1125 625 1255 689 Cry-

278 699 370 765 ptis
398 693 642 743 Vaticanis
667 692 839 758 pagina
874 710 955 741 21.
984 691 1066 739 ubi
1092 705 1258 750 notat,

277 759 524 833 praefatum
537 762 823 809 Eutherium
843 764 932 810 unz}
951 779 1061 809 cum
1079 763 1259 827 Siagrio

276 832 534 884 Consulem
547 827 679 879 fuiffe
696 833 756 878 A.
771 830 942 881 Christi
967 836 1025 888 38
1040 850 1058 881 1
1070 848 1179 896 .quo
1197 847 1266 879 re-

276 903 497 952 currebat
524 919 664 949 annus
697 900 909 952 decimus
941 903 1131 967 quintus
1146 900 1265 948 Pon-

276 972 479 1023 tificatfls
496 968 752 1027 S.Damafi‚
768 969 1121 1037 Epistolamque
1140 989 1163 1017 a
1182 973 1266 1017 tri-

277 1047 361 1094 bus
377 1041 749 1110 Imperatoribus
782 1037 915 1090 fuisse
933 1040 1264 1107 conscriptam,

277 1131 449 1181 nempe
467 1131 489 1159 a
509 1113 741 1160 Gratiano
755 1145 770 1169 ,
809 1111 1181 1168 Valentiniano,
1208 1129 1260 1158 ac

276 1179 549 1232 Theodofio
582 1179 808 1249 Augustis
833 1215 850 1237 ,
897 1195 952 1229 ut
989 1183 1081 1230 illae
1114 1182 1260 1230 literae

278 1254 550 1307 AUGGG.
564 1249 810 1311 denotant3
829 1252 928 1298 aliae
942 1252 1079 1312 vero,
1096 1269 1196 1317 quae
1214 1254 1260 1298 in

280 1324 370 1373 fine
388 1325 628 1390 leguntur,
645 1337 817 1386 nempe
836 1320 983 1371 PRO.
1003 1324 1086 1370 SB.
1108 1319 1169 1370 fic
1190 1338 1264 1369 ex-

280 1396 438 1463 plicat:
451 1407 528 1458 pro
535 1392 772 1459 servandis
788 1390 909 1441 bonis
925 1425 934 1435 .
960 1393 1076 1440 Haec
1107 1388 1263 1439 brevi-

277 1478 350 1513 ter
379 1465 438 1511 de
457 1461 542 1510 isto
579 1458 872 1528 fragment03
909 1461 1044 1529 plura
1073 1459 1108 1509 fi
1133 1463 1266 1529 cupis

279 1534 410 1582 adito
425 1531 650 1581 eumdem
670 1531 950 1598 Turrigium
970 1566 981 1577 .

352 1611 435 1652 26.
473 1603 585 1651 Hoc
621 1602 668 1647 in
698 1603 875 1669 pariete
904 1602 1137 1649 nunnulla
1165 1602 1264 1649 col-

278 1675 433 1723 locata
451 1684 707 1720 cernuntur
728 1668 976 1721 fimulacra
996 1688 1263 1721 marmorea

280 1749 323 1793 A
335 1741 1008 1811 postolorum‚D0‹storumque
1029 1739 1262 1799 Ecclesiae,

279 1832 380 1880 quae
395 1813 512 1862 olim
524 1824 658 1860 erant
673 1811 730 1859 ad
745 1809 1183 1879 sepulchraNicolai
1201 1816 1261 1861 V.

279 1886 330 1934 &
350 1879 534 1933 Callisti
551 1884 642 1930 Ill.
659 1880 1264 1939 Sum111,·Pontificum,nec-

281 1971 378 2002 non
395 1950 588 2000 Berardi
624 1951 893 1999 Cardinalis
920 1953 1123 2001 Heruli.

366 2039 446 2081 27.
501 2021 725 2068 Alterum
760 2019 1001 2091 lapideum
1027 2020 1263 2088 fragmen-

283 2108 388 2141 tum
422 2092 663 2140 continens
697 2090 1005 2140 donationem
1049 2090 1264 2139 fastam-2

281 2162 477 2211 suorum
498 2160 734 2207 bonorum
752 2163 802 2206 B.
827 2162 963 2209 Petro
993 2182 1017 2209 a
1036 2162 1263 2210 Comitis-

280 2232 329 2281 sa
347 2228 585 2280 Mathilda
597 2265 614 2287 ‚
632 2247 772 2296 quam
795 2232 1028 2299 integram
1048 2232 1265 2282 donatio-

284 2318 394 2351 nem
414 2301 675 2368 praecitatus
693 2300 945 2369 Turrigius
962 2302 1020 2353 ad
1037 2317 1172 2370 pag.3
1185 2308 1263 2360 38.

284 2368 430 2421 refert
446 2371 594 2417 literis
611 2368 881 2432 majusculis
894 2407 910 2428 ‚
929 2375 1136 2421 notando
1154 2391 1266 2430 ελ»,

285 2460 386 2509 quae
407 2441 455 2485 in
470 2455 704 2487 marmore
720 2437 1044 2491 desiderantur
1057 2479 1068 2489 .
1104 2447 1263 2491 Dona-

284 2510 425 2560 tionis
455 2523 590 2557 tenor
606 2507 800 2574 sequens
819 2509 886 2560 est
905 2546 915 2556 .

325 2589 329 2593 ’
353 2578 412 2630 In
430 2583 598 2628 nomine
629 2579 677 2628 S.
697 2582 752 2628 Θ
781 2581 1026 2631 individue
1063 2582 1264 2633 Trinita-

284 2656 345 2701 tis
364 2686 374 2697 .
413 2650 544 2699 Anno
561 2648 610 2697 ab
625 2648 656 2697 I
657 2665 846 2698 ncarnac.
868 2651 1067 2719 DNJNJ
1085 2654 1266 2704 Christi

283 2741 312 2784 ,Ι
328 2740 346 2769 1
358 2737 439 2769 02.
456 2717 569 2770 XV·
589 2717 692 2770 Kal.
721 2720 919 2769 Decemb.
939 2723 1096 2772 indic‘l.
1122 2721 1191 2770 X.

353 2788 554 2855 Tempore
566 2789 627 2839 D.
648 2790 847 2859 Gregorii
866 2792 988 2857 Papae
1018 2797 1067 2841 in
1087 2790 1263 2842 Lacera-

289 2879 383 2911 nen.
403 2861 574 2910 Palatio
591 2865 640 2908 in
654 2863 854 2928 Cappella
864 2863 898 2912 S
903 2899 912 2909 .
931 2865 1080 2914 Crucis
1096 2867 1145 2910 in
1153 2878 1263 2929 prae-

275 2937 423 3004 sentia
440 2933 587 2983 Cencii
603 2933 883 2997 Francipanis
898 2968 915 2989 ‚
931 2932 1140 2982 Gratiani
1153 2937 1192 2985 C
1193 2954 1266 2982 en-

287 3001 349 3052 cii
361 3002 624 3058 Francolini,
639 3005 692 3051 4⁷17
707 3003 907 3054 Alberici
924 3004 976 3051 de
991 3005 1117 3053 Petro
1134 3004 1264 3061 Leon,

288 3078 342 3123 (π’
360 3069 798 3140 Beneincasaefratres
813 3073 1077 3138 ejus,Vberti
1090 3075 1142 3124 de
1151 3074 1268 3125 Tha-

278 3146 371 3212 scio
384 3180 399 3199 ‚
436 3147 491 3193 Φ·
508 3145 687 3193 aliorum
706 3147 988 3209 plurimorum
1004 3180 1013 3191 .

362 3212 450 3279 Ego
468 3212 698 3263 Mathilda
727 3214 818 3264 Dei
836 3219 983 3282 gratia
1008 3217 1048 3266 C
1050 3215 1235 3283 omitiffit
1251 3250 1266 3271 ,

282 3295 361 3348 pro
400 3280 568 3331 Animae
584 3303 676 3334 meae
693 3284 874 3335 remedio
887 3321 903 3343 ,
940 3302 983 3336 et
1005 3300 1262 3352 parentum-2

671 275 789 325 DE
876 269 1277 323 SACRIS
1374 262 1972 324 AEDIFICIIS

1315 356 1497 388 meorum
1513 374 1529 397 ,
1564 338 1695 395 dedi,
1725 356 1766 388 ec
1796 342 1933 393 obtuli
1950 343 2134 410 Ecclesia·
2160 345 2193 394 S
2197 379 2206 389 .
2223 345 2300 393 Pe-

1313 413 1380 458 tri
1395 444 1409 466 ,
1441 423 1519 474 per
1536 413 1840 460 interventum
1863 413 2048 464 Domini
2066 413 2164 464 GG.
2207 414 2299 463 PP.

1313 483 1456 528 omnia
1470 478 1580 528 bona
1600 495 1687 527 mea
1700 484 1808 541 jure
1831 489 2105 547 proprietatis
2127 519 2142 540 ,
2180 500 2300 533 canto

1312 569 1396 619 quae
1412 567 1512 599 tunc
1530 548 1756 601 habueram
1771 588 1786 609 ,
1814 568 1939 620 quam
1963 572 2009 601 ea
2021 589 2036 609 ,
2060 574 2142 621 quae
2158 558 2206 602 in
2224 571 2301 601 an-

1311 638 1378 671 tea
1402 621 1659 689 acqusstura
1675 639 1790 671 eram
1804 658 1820 680 ‚
1834 622 2055 691 stvejure
2069 625 2300 693 fiaceesiio-

1312 695 1384 740 nis
1399 727 1415 749 ,
1432 691 1544 758 five
1573 694 1655 741 alio
1671 710 1922 761 quocumque
1933 698 2033 757 jure
2050 693 2110 741 ad
2132 712 2194 741 me
2206 710 2301 758 per-

1319 767 1528 820 tinerent,
1564 778 1605 809 ct
1634 778 1723 811 tam
1742 779 1789 812 ea
1811 800 1826 821 ,
1865 783 1949 830 quae
1977 784 2032 813 ex
2047 764 2122 812 bac
2140 777 2302 827 parta,

1322 837 1478 880 montis
1489 831 1723 889 habebam,
1761 840 1884 901 quem
1899 835 1980 883 illa
1999 868 2014 889 ‚
2052 852 2136 900 que
2151 837 2197 881 in
2219 834 2304 886 Ul-

1319 906 1603 951 tramontanis
1631 904 1832 968 partibus
1855 907 1984 953 adme
1992 908 2209 967 pertinere
2222 908 2302 953 vi-

1317 971 1527 1020 debantur
1544 1008 1558 1028 ,
1586 979 1722 1022 omnia
1740 1009 1755 1030 ,
1776 974 1893 1041 stent
1911 974 2077 1026 edibilem
2097 974 2165 1023 ef?
2180 1009 2194 1029 ‚
2225 988 2304 1038 per

1317 1058 1487 1091 manum
1514 1042 1696 1091 Domini
1716 1043 1919 1111 Gregorii
1942 1041 2046 1094 VII.
2067 1044 2186 1106 Papae
2213 1045 2302 1094 Ro-

1315 1128 1444 1161 manae
1476 1110 1662 1179 Ecclefiae
1691 1147 1706 1173 ‚
1742 1118 1797 1162 &¹
1824 1115 1998 1162 tradidi
2018 1146 2033 1168 ‚
2080 1117 2135 1162 &¹
2163 1129 2304 1162 carcu-

1315 1185 1401 1232 lam
1422 1182 1525 1231 inde
1538 1184 1649 1250 fieri
1678 1188 1873 1250 rogavi3
1901 1185 1990 1252 sed
2016 1187 2115 1250 quia
2139 1186 2306 1231 cartula

1318 1255 1519 1323 nusquam
1538 1266 1707 1318 apparet
1724 1287 1738 1308 ,
1769 1257 1824 1302 ὠ
1839 1259 1964 1305 timeo
1981 1285 1999 1312 ,-
2034 1270 2083 1301 ne
2099 1253 2272 1301 donacio
2290 1288 2306 1309 ,

1320 1328 1374 1374 <J
1391 1322 1548 1373 oblatio
1567 1339 1656 1370 mea
1680 1327 1728 1373 in
1746 1323 1920 1372 dubium
1936 1338 2161 1374 revocetur
2176 1358 2192 1379 ‚
2210 1324 2306 1371 ideo

1319 1415 1408 1461 ego,
1426 1414 1509 1460 quae
1521 1395 1683 1460 stilonis,
1714 1395 1932 1463 Comitifflz
1961 1393 2194 1443 Mathilda
2217 1398 2302 1441 ite-

1317 1483 1410 1513 rum
1429 1480 1454 1511 a
1469 1463 1668 1529 presenti
1683 1463 1753 1512 die
1766 1463 1873 1510 dono
1889 1501 1902 1523 ,
1941 1466 1994 1514 ἐν
2024 1461 2148 1533 cffro
2172 1463 2308 1510 eidem

1319 1534 1517 1584 Romanae
1535 1531 1721 1599 Ecclefiae
1730 1547 1807 1596 per
1825 1552 1991 1583 manum
2008 1532 2231 1586 Cardinal.
2253 1541 2308 1583 (9⁶

1321 1603 1476 1674 Legati
1509 1602 1691 1669 ejusdem
1713 1603 1914 1655 Romanae
1945 1600 2134 1669 Ecclefiae
2157 1637 2171 1658 ,
2191 1600 2306 1670 sicut

1317 1679 1364 1723 in
1396 1678 1472 1727 illo
1490 1686 1669 1736 tempore
1688 1686 1766 1736 per
1797 1692 1965 1723 manum
1992 1673 2052 1725 D·
2075 1671 2306 1739 Gregorii,

1316 1751 1458 1798 omnia
1490 1743 1597 1791 bona
1632 1760 1722 1791 mea
1749 1779 1764 1802 ,
1799 1761 1889 1794 tam
1918 1764 2002 1811 quae
2022 1760 2129 1791 nunc
2145 1741 2274 1791 habeo
2291 1776 2307 1800 ‚

1319 1825 1441 1884 quam
1464 1834 1547 1881 quae
1563 1814 1824 1878 inposterum
1844 1815 1934 1865 Deo
1942 1816 2131 1878 propitio
2161 1817 2306 1879 acqui-

1312 1887 1448 1953 situra
1466 1887 1565 1951 [Ξυη
1582 1919 1595 1940 ,
1629 1886 1718 1931 &aa
1750 1884 1913 1935 Αὲἶιυη
1948 1881 2131 1949 Canustae
2150 1876 2305 1948 felici-

1317 1974 1381 2006 ter
1402 1993 1410 2001 .
1445 1954 1510 2004 M
1513 1953 1683 2002 achilde
1701 1953 1790 2002 Dei
1799 1959 1949 2019 gratia
1965 1989 1978 2010 ‚
1983 1953 2037 2020 st
2043 1952 2151 2020 quid
2165 1956 2213 1998 in
2228 1953 2306 1998 bac

1316 2028 1474 2075 cartula
1493 2041 1516 2070 a
1539 2019 1730 2089 mefilffa
1739 2023 1981 2092 substripst
1993 2023 2047 2075 ff<
2081 2020 2171 2088 Ego
2189 2022 2304 2073 Arc-

1317 2099 1450 2147 lerius
1464 2095 1626 2162 (Judex
1642 2092 1824 2159 interfiti
1840 2131 1854 2151 ,
1874 2105 1928 2144 (5
1938 2090 2191 2160 fitbfiripst]
2209 2093 2301 2139 &a

1318 2166 1405 2235 Ego
1423 2165 1564 2214 Guido
1584 2162 1794 2213 Notarius
1814 2166 1984 2214 Pafatii
2003 2162 2196 2225 scriptor
2225 2161 2303 2209 hu-

1303 2243 1385 2303 jus
1399 2236 1563 2284 cartulae
1580 2233 1815 2303 ‹ffirtionis
1832 2235 1937 2299 poss}
1952 2231 2163 2282 traditam
2191 2249 2302 2279 com·

1309 2310 1445 2372 plevi
1459 2341 1474 2363 ‚
1507 2321 1548 2353 et
1571 2303 1700 2359 dedi,
1738 2306 1829 2352 &aa

1418 2378 1559 2423 Hanc
1591 2371 1788 2420 eandem
1832 2370 2145 2420 donationem
2181 2370 2302 2417 inte-

1317 2462 1468 2512 gram,
1482 2461 1533 2491 ac
1552 2441 1813 2490 correffihim
1836 2439 1980 2490 refert
1996 2439 2225 2489 Batonius
2243 2437 2302 2488 ad
2346 2493 2349 2496 ,

1319 2529 1495 2563 annum
1526 2531 1541 2558 1
1560 2531 1577 2558 1
1590 2528 1669 2559 02.

1404 2587 1484 2631 28.
1538 2578 1689 2629 Aliud
1732 2598 2060 2630 marmoreum
2093 2577 2304 2645 sequitur

1315 2651 1636 2720 fragmentum
1657 2686 1672 2707 ,
1704 2650 1833 2716 quod
1851 2650 2115 2700 admodum
2129 2648 2304 2697 abstru-

1317 2720 1371 2772 fis
1388 2759 1402 2780 ,
1429 2717 1808 2786 abbreviatisque
1826 2719 2169 2771 charae'lzeribus
2187 2718 2303 2767 inci-

1317 2789 1419 2840 sum
1440 2789 1530 2840 est.
1564 2791 1760 2857 Legitur
1783 2792 1832 2839 in
1851 2809 1906 2841 eo
1918 2790 2167 2859 peculiaris
2182 2783 2301 2835 vifio

1316 2861 1474 2911 habita
1496 2880 1521 2907 a
1538 2861 1744 2927 quodam
1758 2863 1836 2926 pio
1850 2898 1866 2919 ‚
1885 2880 1937 2910 ac
1956 2861 2139 2910 devoto
2158 2859 2300 2913 Viro,

1316 2938 1445 2994 cujus
1462 2929 1712 2998 fragmenti
1728 2944 1865 2980 tenor
1885 2928 1946 2980 fic
1972 2929 2016 2981 se
2032 2926 2196 2980 habet-

1319 3039 1331 3050 .
1354 3040 1364 3049 .
1385 3039 1394 3050 .
1421 3001 1616 3070 sionibus
1647 3017 1802 3058 extra,
1841 3007 1997 3068 recepit
2021 3020 2096 3067 que

1319 3108 1331 3119 .
1354 3109 1364 3119 .
1385 3109 1394 3119 .
1414 3094 1434 3121 s
1448 3074 1611 3123 tedium
1627 3107 1637 3117 .
1655 3070 1714 3120 In
1720 3077 1868 3136 prima
1886 3078 1992 3120 vero
2010 3067 2178 3136 vassone
2189 3066 2298 3114 vidi

1321 3179 1331 3190 .
1348 3180 1358 3189 .
1375 3180 1385 3190 .
1407 3159 1617 3191 tenentem
1642 3145 1690 3189 in
1722 3159 1843 3191 manu
1874 3145 2056 3207 virgam
2070 3171 2086 3193 ,
2114 3151 2156 3183 et
2171 3151 2299 3184 erant

1318 3249 1329 3260 .
1348 3250 1382 3262 ..
1401 3233 1422 3260 o
1438 3229 1523 3261 tres
1552 3232 1607 3261 ex
1632 3227 1850 3278 unaparte
1862 3244 1879 3267 ,
1913 3224 1955 3257 ec
1979 3224 2066 3273 tres
2093 3226 2148 3257 ex
2161 3207 2297 3257 alia...

1456 3298 1581 3349 parte

2197 3379 2209 3392 .
2228 3377 2239 3390 .
2259 3361 2301 3394 ec
