2378 3674
0 56 7 110 l

0 192 5 388 ζ

0 389 3 443 ι

748 256 1238 310 CAPUT

99 333 205 388 liis,
222 327 643 395 marmoribusque,
661 329 711 379 &
728 331 960 377 columnis
975 344 1078 395 por-

97 402 358 469 phyreticis
374 401 530 448 ornari
552 396 746 447 voluiffe
763 434 778 455 ,
813 412 952 465 atque
969 396 1074 446 ideo

94 472 263 520 eadem
282 487 547 526 marmora,
583 468 789 517 eundern
820 470 868 515 in
892 469 1070 523 locum,

94 540 155 589 ad
183 538 388 589 eundern
430 537 572 588 finem
605 573 623 596 ,
669 534 835 601 juffilse
866 537 1069 585 adduci:

91 607 395 678 postmodum
434 607 550 658 ver&
592 607 874 655 inchoatum
918 624 1035 674 opus
1055 641 1072 663 ,

90 678 219 745 quod
240 677 569 746 imperfeRum
585 674 873 734 remanebat,
888 675 1071 724 absolvi

88 747 333 817 imperasse
351 785 364 796 .
403 750 561 814 Qare
584 744 908 804 Beatiffimus,
934 760 1073 812 atque

87 816 365 888 magnificus
379 812 594 865 Pontifex
613 815 795 882 Xystus
808 851 825 873 ,
845 816 904 866 de
923 818 1072 865 Sacris

85 888 305 936 ornandis
324 884 546 935 AEdificiis
568 886 705 935 valde
736 884 966 935 sollicitus
983 922 999 944 ,
1017 900 1071 934 ut

86 956 279 1006 testatur
296 955 544 1005 Liberiana
564 953 758 1004 Bafilica
774 993 789 1014 ,
810 956 909 1023 post
928 954 1067 1005 saecu-

82 1029 184 1074 lum
203 1028 321 1076 hanc
336 1024 633 1076 Constantini
652 1028 951 1076 voluntatem
964 1044 1066 1076 exe-

79 1098 261 1145 cutioni
283 1096 544 1145 mandavit.
568 1096 794 1146 Praeterea
810 1095 1065 1146 absurdum

81 1167 281 1215 minime
312 1161 399 1214 esse
417 1179 533 1234 puto
559 1201 576 1224 ,
613 1164 648 1213 fi
677 1165 864 1216 afferam
882 1203 899 1225 ,
934 1167 1062 1234 quod

76 1236 125 1282 in
146 1249 245 1284 tam
270 1237 411 1304 longa
429 1253 656 1286 annorum
679 1237 795 1287 serie
811 1273 828 1295 ,
847 1237 928 1286 ubi
961 1239 1062 1304 epi-

76 1303 220 1372 stylia
231 1341 248 1365 ,
269 1307 453 1372 aliaque
470 1324 721 1365 marmora,
737 1308 1060 1373 columnaeque

72 1374 317 1438 jacebant,
352 1394 426 1424 ma
465 1394 570 1425 narn
591 1374 656 1424 ibi
691 1392 804 1426 tunc
837 1378 1058 1427 molem-2

72 1443 310 1514 aggestam
327 1394 461 1494 fuiss{
473 1482 488 1503 ,
501 1449 675 1514 partim
696 1442 755 1495 ex
777 1442 941 1496 effoffis
952 1447 1059 1496 fun-

72 1514 335 1573 damentis,
351 1512 486 1583 super
504 1513 672 1582 quibus
698 1514 803 1584 ipsae
827 1519 1060 1566 columnae

71 1584 305 1654 erigendae
323 1599 485 1644 erant,
512 1586 793 1653 partimalia
815 1605 874 1635 ex
895 1588 1055 1645 causa,

70 1667 125 1701 ut
157 1654 369 1720 quotidie
402 1656 449 1702 in
486 1656 622 1703 novis
651 1652 838 1704 fabricis
865 1692 881 1714 ,
915 1672 1051 1712 ,ante-

70 1741 212 1790 quam
239 1725 330 1772 illae
361 1721 692 1783 absolvantur,
730 1724 902 1775 fimiles
919 1740 1052 1776 terrae

68 1811 261 1861 aggeres
288 1790 525 1842 efformari
555 1793 772 1842 videmus
799 1830 810 1841 .
867 1796 1051 1862 Xystus

65 1865 214 1931 igitur
229 1861 444 1912 Pontifex
475 1865 716 1912 columnas
731 1866 912 1923 erexit,
949 1869 1049 1933 epi-

64 1930 211 2001 stylia
229 1931 622 2002 superimposuit,
648 1951 764 2001 opus
777 1947 937 1985 tamen
952 1953 1046 1984 non

60 2000 270 2054 absolvit
294 2039 304 2050 .
357 2003 505 2056 Unde
534 2005 731 2053 Hilarus
762 2006 903 2072 paulo
943 2004 1045 2073 post

64 2072 213 2140 Xysti
233 2071 455 2123 successor
470 2079 566 2137 jam
584 2072 821 2142 aggestam
848 2088 1044 2133 terram,

57 2160 278 2210 novaque
296 2144 495 2202 rudera,
531 2162 589 2193 ex
617 2147 795 2194 recenti
827 2141 1046 2195 fabrica„

57 2210 381 2281 superaddita,
394 2213 564 2263 exinde
587 2217 800 2263 amoveri
819 2251 835 2273 ,
859 2235 911 2264 ac
929 2218 973 2264 in
990 2219 1043 2265 li-

60 2280 240 2340 beram,
256 2284 553 2352 nitidamque
571 2281 775 2333 formam
795 2285 930 2335 reddi
948 2285 1044 2349 jus-

58 2347 133 2408 fit,
151 2363 489 2421 proptereaque
506 2353 873 2422 Inscriptionem
895 2357 1042 2406 illam:

59 2421 152 2471 Hic
179 2422 289 2481 locus
317 2426 418 2473 olim
436 2427 656 2493 sbrdentis
678 2429 835 2476 tumuli
849 2429 1040 2495 squallo-

59 2511 104 2538 re
122 2493 341 2559 congestus
362 2530 380 2552 ,
411 2496 501 2545 &c.
529 2495 585 2543 ab
597 2496 705 2561 sque
730 2498 826 2544 ulla
854 2496 1042 2545 dubita-

57 2562 222 2619 tione,
262 2562 345 2628 ips1
377 2567 548 2613 Hilaro
577 2563 794 2613 Pontifici
825 2567 1038 2634 adaptari

58 2626 201 2698 polle,
217 2630 450 2694 arbitror;
482 2635 712 2702 praecipue
732 2633 842 2683 curn
865 2638 1037 2686 idem.»

55 2697 387 2759 Pontifex,hoc
402 2704 450 2749 in
463 2704 633 2753 eodem
647 2703 1040 2772 Baptisterio,tria

58 2772 309 2829 Oratoria,
345 2789 496 2819 unum
525 2775 852 2841 ian.Joannis
881 2778 1041 2843 Bapti-

53 2835 147 2897 stae,
162 2841 364 2890 alterurn
388 2843 435 2888 in
452 2844 697 2910 S.Joannis
710 2845 1035 2913 Evangelistae,

51 2910 252 2957 tertium
270 2929 437 2978 parum
462 2911 519 2959 ab
540 2909 707 2959 iisdem
739 2911 908 2964 distans
932 2951 948 2973 ,
985 2917 1034 2963 in

52 2978 365 3030 Exaltationis
395 2979 696 3031 SanRiffimae
733 2985 901 3031 Crucis
946 2985 1030 3033 ho-

51 3049 562 3109 norem,aedificaverit,
580 3068 782 3118 quorum
804 3053 1031 3101 ultimum

50 3120 286 3168 τευ-οεὲὶο
314 3119 479 3171 saeculo
504 3158 520 3179 ,
558 3135 773 3188 tempore
800 3122 1029 3171 nimirum

48 3185 195 3251 Xysti
215 3193 278 3238 V.
316 3190 636 3259 gloriofiffimi
658 3190 929 3248 Pontificis,
965 3190 1026 3240 ob

46 3255 331 3308 vetustatem
361 3264 559 3311 nimiam
585 3262 800 3311 dirutum
835 3259 961 3321 fuit,
979 3263 1027 3310 in

184 3327 378 3380 ParJII.

1356 256 1387 306 Ι
1406 254 1434 306 I
1451 254 1488 305 I.
2053 276 2075 305 2
2089 279 2113 320 ς

1131 332 1261 389 cujus
1301 329 1482 394 angulis
1519 338 1722 393 quatuor
1761 326 1937 374 Cruces
1968 331 2117 378 variis

1129 393 1332 444 Mufivis
1355 396 1576 464 operibus
1606 408 1778 446 ornatae
1806 393 2079 445 visebantur
2097 434 2113 455 ,

1126 479 1179 512 ut
1208 479 1363 513 narrat
1395 468 1551 535 Ugon.
1582 468 1630 514 in
1660 469 1775 514 Stat.
1795 469 1858 515 V.
1890 482 1993 532 pag.
2022 474 2104 528 46.

1124 537 1198 583 De
1229 533 1457 585 ambobus
1495 534 1731 604 prioribus
1760 536 1995 585 Oratoriis
2026 553 2110 583 nos

1126 602 1421 653 disseruimus
1441 608 1487 653 in
1510 604 1664 655 nostro
1678 608 1837 672 Opere
1856 605 1914 655 de
1936 608 2104 654 Veter.

1128 675 1339 722 Monim.
1358 693 1454 743 par.
1480 695 1519 723 1.
1539 694 1638 744 cap.
1664 684 1744 725 26.

1198 747 1274 792 Ne
1302 759 1461 793 autern
1493 747 1641 794 ullam
1666 743 1914 794 dubitandi
1948 742 2107 792 ansam

1125 813 1172 859 in
1221 813 1457 882 hucusque
1502 817 1698 864 narratis
1759 815 2106 880 relinquamus,

1124 880 1233 931 cum
1251 883 1385 952 supra
1402 887 1449 933 in
1468 887 1623 953 capite
1639 883 1922 954 praecedenti
1935 886 2103 934 retule-

1120 955 1302 1011 rimus,
1327 957 1373 1002 in
1394 956 1604 1023 zophoro
1632 969 1834 1023 quatuor
1859 955 2103 1003 columna-

1119 1039 1224 1070 rum
1241 1060 1256 1082 ,
1274 1042 1373 1090 quae
1392 1043 1530 1074 muro
1550 1023 1705 1075 sacelli
1728 1028 1770 1073 S.
1791 1025 2006 1081 Thomae,
2022 1022 2101 1073 seu

1119 1095 1379 1143 SecretarIO
1399 1093 1682 1143 Pontificum
1702 1093 2014 1151 adhaerebant,
2035 1096 2100 1141 in·

1112 1160 1409 1231 frascriptam
1440 1166 1532 1232 legi
1556 1163 1923 1232 Inscriptionem
1950 1198 1967 1221 ,
1998 1182 2098 1230 quae

1116 1250 1229 1280 cum
1253 1235 1397 1281 relata
1415 1253 1436 1281 a
1461 1238 1669 1284 Grutero
1695 1234 1861 1282 eadem
1879 1234 1995 1300 pen&
2015 1232 2098 1291 est,

1117 1301 1374 1352 videlicet:
1411 1304 1502 1354 Hic
1524 1306 1634 1353 locus
1666 1307 1767 1353 olim
1779 1304 2002 1373 fhrdentis
2025 1320 2096 1351 tu-

1115 1375 1221 1422 muli
1237 1376 1452 1442 squallore
1484 1374 1704 1442 congeflus
1731 1409 1747 1430 ,
1776 1375 1953 1443 sumptu
1975 1407 1991 1429 ,
2040 1375 2095 1422 ὠ·

1114 1459 1155 1492 te
1188 1443 1374 1493 Domine
1404 1462 1528 1494 tanta
1554 1445 1752 1494 ruderum
1789 1446 1927 1502 mole,
1965 1459 2096 1509 quan-

1113 1529 1204 1562 tum
1233 1518 1436 1565 culminis
1465 1534 1573 1564 nunc
1586 1516 1770 1565 ‘videtur
1790 1549 1807 1572 ,
1836 1515 1931 1564 ado
1972 1531 2093 1562 cren-

1110 1583 1212 1633 dum
1240 1587 1423 1636 Christo
1452 1586 1637 1637 Domino
1670 1584 1733 1636 N.
1757 1620 1769 1630 .
1787 1619 1797 1631 .
1821 1619 1831 1630 .
1852 1621 1862 1631 .
1882 1621 1892 1631 .
1910 1618 1950 1630 ..
1976 1600 2091 1649 qua-

1105 1669 1152 1701 re
1185 1656 1310 1704 inter
1349 1654 1566 1723 utrasque
1595 1653 1900 1703 solummodo
1938 1670 1991 1701 ea
2027 1652 2094 1702 est

1105 1720 1373 1774 differentia
1389 1762 1404 1783 ,
1443 1728 1572 1792 quod
1592 1727 1638 1773 in
1662 1726 1744 1773 hac
1767 1722 2093 1773 defiderantur

1105 1810 1246 1842 voces
1277 1816 1288 1844 ε
1340 1797 1495 1846 Studio
1525 1801 1563 1850 C
1567 1799 1704 1846 bristi
1724 1794 1893 1863 fhmuli
1930 1793 2090 1842 Hilari

1105 1863 1304 1931 Episcopi
1304 1872 1503 1930 Juvante
1518 1890 1532 1927 ;
1550 1866 1655 1915 ide&
1673 1866 1730 1914 ad
1753 1867 1840 1913 hoc
1858 1862 2092 1913 elucidan-

1099 1931 1215 1980 dum
1250 1932 1453 1983 dubium
1479 1933 1750 2003 responderi
1788 1932 1911 2001 posse
1938 1946 2055 1999 puto
2073 1968 2090 1990 ,

1098 2001 1396 2052 Anastafium
1411 2008 1502 2055 IV.
1519 2007 1599 2072 qui
1613 2004 1783 2053 floruit
1797 2020 1917 2052 anno
1939 2020 1957 2049 1
1975 2021 1992 2050 1
2005 2017 2086 2062 53.

1098 2072 1340 2121 Porticum
1383 2089 1492 2125 ante
1531 2073 1866 2143 Baptisterium
1913 2071 2089 2121 tabulis

1096 2145 1374 2192 marmoreis
1390 2180 1407 2202 ,
1442 2162 1674 2212 muroque
1697 2139 1902 2191 clausisse
1916 2178 1933 2200 ,
1970 2141 2084 2190 duo.

1096 2229 1186 2277 que
1205 2213 1371 2260 altaria
1391 2213 1571 2263 ibidem
1595 2208 1904 2271 consecr-affe5
1941 2228 2086 2276 quare

1096 2279 1206 2329 cum
1223 2283 1270 2330 in
1291 2283 1376 2330 hac
1393 2286 1583 2351 porticu
1609 2285 1727 2333 olim
1758 2280 1867 2350 ipsae
1901 2282 2084 2329 colum-

1097 2369 1165 2399 nae
1180 2387 1197 2409 ,
1216 2369 1326 2401 cum
1341 2355 1551 2422 zophoro
1563 2349 1748 2403 fortasse
1761 2388 1776 2409 ‚
1799 2365 1906 2399 ante
1922 2351 2083 2418 Bapti=

1095 2421 1219 2470 sterii
1237 2427 1427 2486 januam
1446 2423 1616 2474 starent
1630 2460 1646 2482 ,
1669 2441 1768 2489 quae
1787 2422 1897 2470 inde
1913 2433 2082 2469 amota:

1092 2488 1320 2551 fuerunt,
1350 2506 1404 2541 ut
1421 2495 1626 2563 amplior
1645 2492 1925 2542 redderetur
1942 2507 2046 2537 area
2064 2525 2080 2547 ,

1093 2580 1191 2628 quae
1222 2564 1270 2609 in
1293 2565 1508 2614 Oratorii
1525 2615 1527 2618 ,
1545 2562 1681 2612 usum
1707 2561 1985 2620 inserviret3
2021 2577 2078 2608 ne

1094 2633 1287 2680 illarum
1306 2635 1666 2691 columnarum,
1687 2632 1976 2701 zophorique
1996 2646 2076 2695 pe·

1093 2703 1211 2751 riret
1226 2705 1459 2753 memoria
1473 2740 1489 2762 ,
1505 2706 1550 2752 in
1567 2703 1778 2768 ejusdem
1794 2699 1950 2747 sacelli
1970 2715 2075 2745 mu-

1093 2789 1146 2821 ro
1174 2771 1362 2822 inclusae
1377 2771 1533 2830 fuere,
1570 2790 1663 2819 non
1691 2773 1916 2838 ajoanne
1941 2802 1957 2823 ,
1993 2770 2075 2834 qui

1091 2837 1638 2890 AnastafiiPraedeceffor
1648 2836 1768 2896 fuit,
1789 2838 1868 2887 sed
1895 2835 1953 2886 ab
1974 2834 2073 2905 ipso

1088 2909 1360 2967 Anastafio,
1374 2911 1451 2958 vel
1466 2908 1522 2956 ab
1538 2911 1696 2976 aliquo
1717 2926 1775 2958 ex
1799 2905 2073 2958 Successori-

1089 2980 1173 3028 bus
1188 3015 1204 3036 ,
1228 2977 1461 3026 sacrarum
1478 2981 1817 3045 antiquitatum
1843 2976 2066 3027 studioso.

1155 3051 1260 3096 Nec
1273 3046 1441 3105 obstat,
1456 3049 1584 3115 quod
1597 3050 1802 3118 Rasponi
1819 3048 2069 3115 Inscriptio

1083 3121 1129 3165 in
1149 3118 1397 3186 praecitatis
1425 3115 1613 3170 differre
1633 3121 1887 3177 videatur,
1914 3119 2065 3185 quia„

1082 3185 1326 3236 diversitas
1345 3189 1474 3236 nulla
1504 3189 1597 3248 est,
1640 3188 1719 3241 sed
1748 3191 1882 3237 unius
1906 3186 2065 3237 versus

1081 3258 1323 3307 mutilatio
1338 3293 1355 3316 ,
1377 3260 1457 3326 qui
1474 3273 1556 3309 aut
1583 3262 1631 3306 in
1646 3275 1883 3309 marmore
1904 3275 2062 3375 corr-o—

1592 3332 1638 3378 D
2011 3346 2062 3376 us
