2378 3674
261 281 279 309 1
292 278 352 320 32

253 351 339 380 nus
358 328 446 377 suis
465 331 510 376 in
539 328 752 394 Dialogis
771 331 886 375 hanc
906 325 1125 374 arborem
1142 328 1233 393 Ju-

254 404 360 449 daeae
387 399 584 447 attribui
617 395 762 444 solere
785 395 1004 453 ostendit,
1030 413 1086 443 eo
1126 397 1235 461 quia

253 471 520 524 Phoenicie,
536 484 633 532 quae
649 467 815 531 palmis
831 466 1055 524 abundat,
1072 467 1232 532 proxi-

251 558 332 588 ma
351 539 606 607 estJudaea.
639 538 710 582 De
734 536 856 585 hisce
887 538 1052 603 palmis
1086 537 1232 584 etiam

255 605 546 658 disseruimus
565 604 700 672 supra
715 641 731 662 ,
765 604 876 655 cum
896 607 954 656 de
976 605 1234 655 Tribuna„

256 683 299 728 S.
318 679 440 725 Petri
463 675 614 723 sermo
630 674 738 722 suit.

323 749 438 795 Haec
459 748 516 794 de
535 747 824 795 ornamentis
857 747 1050 812 antiquo
1069 748 1117 795 in
1146 746 1233 794 hoc

251 814 449 865 aedificio
489 814 629 864 hodie
674 815 976 864 extantibus.
1015 815 1235 886 Superest

252 884 414 943 modo,
431 898 481 932 ut
495 883 799 951 quaestionem
816 887 979 943 etiam,
997 905 1096 952 quae
1110 886 1235 954 apud

251 958 558 1021 Antiquarios
575 953 798 1024 insurgit,
815 954 1084 1014 referamus,
1101 956 1236 1005 vide-

252 1028 378 1074 licet:
400 1027 662 1093 Templum
681 1044 739 1075 ne
762 1027 850 1074 hoc
866 1045 890 1073 a
928 1025 1236 1075 Constantino

252 1094 569 1145 construc‘tum
588 1131 604 1152 ,
629 1114 684 1142 an
731 1097 885 1164 potius
902 1114 926 1142 a
947 1093 1236 1164 superstitio·

251 1168 321 1213 nis
338 1164 439 1214 labe
456 1167 697 1233 expiatum
713 1202 728 1224 ,
747 1184 858 1215 mox
879 1167 924 1212 in
942 1164 1240 1216 Mausoleum

251 1233 360 1283 filiae
380 1233 466 1284 suae
495 1233 785 1285 conversum
819 1232 997 1285 fuerit?
1028 1237 1240 1285 Primam

253 1307 527 1373 opinionem
557 1305 799 1354 Nardinus
819 1341 834 1364 ,
871 1307 1045 1373 aliique
1077 1325 1237 1356 recen-

254 1378 398 1423 tiores
430 1377 689 1441 Scriptores
720 1373 979 1443 sequuntur
1001 1413 1011 1422 .
1058 1380 1234 1425 Secun—

255 1444 367 1494 dam
388 1458 548 1493 autem
566 1443 777 1494 Andreas
808 1447 1020 1503 Fulvius,
1037 1447 1232 1495 Marlia-

253 1533 356 1571 nus,
378 1515 548 1562 Lucius
580 1519 782 1573 faunus,
803 1517 852 1566 ὃ(
881 1517 960 1563 alii
995 1518 1232 1583 antiquio-

253 1603 341 1642 reS,
371 1598 722 1651 moventurque
753 1586 811 1634 ad
830 1587 917 1634 hoc
940 1581 1235 1636 afferendum

253 1673 313 1703 ex
331 1652 532 1703 Mufivis
562 1654 784 1704 indicatis
817 1655 1039 1724 operibus
1072 1656 1236 1705 vinde-

252 1726 371 1773 mias
393 1724 1244 1794 repraelentantibus,undeTemplum

251 1795 343 1843 hoc
386 1789 499 1842 falso
548 1797 753 1844 Numini
802 1797 984 1845 Baccho
1024 1796 1239 1845 dicatum

251 1861 385 1912 fuiffe
405 1862 725 1913 arbitrantur.
761 1868 864 1913 Alii
889 1867 1005 1915 vero
1022 1884 1046 1915 e
1077 1879 1237 1914 contra

253 1935 373 1982 nibil
394 1931 664 1996 hujusmodi
683 1933 877 1983 Musiva
901 1952 1044 2003 opera
1070 1952 1240 1984 eorum

254 2005 470 2070 opinioni
491 2001 685 2053 officere
706 2018 975 2062 autumant,
990 2007 1098 2071 quia
1114 2004 1240 2072 apud

257 2075 471 2139 antiquos
504 2073 796 2122 Christianos
834 2093 932 2124 mos
963 2072 1057 2122 fuit
1089 2074 1243 2125 hisce-2

255 2145 403 2192 etiam
417 2141 784 2192 emblematibus
803 2141 881 2191 sua
909 2145 1133 2212 Templa,
1157 2146 1241 2191 Ec-

255 2209 506 2277 clefiasque
521 2230 708 2270 ornare,
727 2228 776 2261 ut
796 2211 955 2263 Bofius
975 2216 1022 2261 in
1050 2212 1127 2263 sua
1144 2217 1240 2263 Ro-

255 2300 332 2330 ma
361 2281 668 2331 Subterranea
688 2282 907 2341 ostendit,
934 2281 1241 2350 ejusdemque

254 2350 454 2400 sectator
502 2354 760 2419 Aringhius
807 2356 854 2400 in
905 2358 1058 2402 Roma
1095 2355 1240 2402 etiam

256 2420 570 2468 Subterranea
600 2423 681 2468 lib.
712 2431 760 2470 6.
789 2440 890 2489 cap.
923 2439 1004 2485 45.
1024 2424 1168 2471 Tom.
1190 2441 1236 2470 2.

257 2508 407 2538 aenos
428 2492 475 2535 in
496 2490 648 2538 nostro
665 2508 808 2558 opere
833 2492 891 2540 de
929 2498 1093 2542 Veter.
1130 2496 1240 2540 Mo-

255 2563 372 2608 nim.
407 2576 504 2626 par.
534 2579 572 2607 1.
592 2578 692 2627 cap.
715 2578 794 2618 27.
815 2562 1144 2628 exposuimus·
1183 2565 1239 2610 In

257 2631 340 2678 hac
359 2631 645 2696 opinionum
660 2631 897 2679 varietate
913 2630 1027 2696 quid
1042 2629 1243 2680 sentiam

256 2697 293 2748 fi
322 2696 528 2766 proferre
553 2717 668 2765 opus
696 2697 767 2757 sit,
799 2700 938 2768 longe*
972 2720 996 2747 a
1019 2702 1243 2749 recentio-

257 2786 367 2816 rum
387 2767 624 2817 sententiis
638 2767 763 2818 feror
778 2805 788 2816 .
826 2773 953 2817 Nam
970 2769 1004 2818 fi
1032 2767 1244 2833 ejusdem

257 2838 457 2905 Templi
486 2837 734 2898 structura,
754 2840 1005 2897 columnae,
1019 2840 1243 2907 capitula,

255 2910 306 2959 ὃ(
319 2906 443 2956 bases
459 2905 618 2957 sedulo
634 2908 1244 2979 observentur,perelegans

258 2980 521 3044 reperietur
556 2980 908 3038 Architecstura,
930 2982 978 3031 ὃ(
996 2982 1245 3037 columnae,

261 3049 463 3113 aliaque,
479 3046 588 3095 cum
622 3067 879 3108 marmore,
898 3065 1002 3098 tum
1031 3049 1243 3118 symme-

261 3119 350 3162 tria
379 3117 628 3166 uniformia
647 3154 663 3176 ,
691 3137 791 3185 quae
823 3139 924 3168 aevo
949 3120 1244 3170 Constantini

262 3201 539 3252 repugnant,
553 3187 608 3236 eo
621 3190 730 3254 quia
744 3188 797 3238 ea
811 3188 1086 3258 tempestate
1103 3190 1246 3256 pluri-

262 3270 399 3301 mum
420 3260 586 3307 veteris
597 3261 795 3317 decoris,
809 3277 860 3308 ac
878 3258 1135 3310 venustatis
1153 3264 1247 3308 Ar·

669 258 789 307 DE
859 254 1254 307 SACRIS
1327 254 1916 310 AEDIFICIIS

1287 326 1556 374 chiteEturae
1574 327 1790 391 perierat,
1824 346 1874 377 ut
1909 327 2090 380 fabricae
2126 329 2262 397 ipsius

1288 410 1506 462 tempore
1528 397 1740 443 excitatae
1758 396 1824 443 sat
1844 400 2036 448 docent.
2077 403 2264 450 Etenim

1288 464 1322 514 fi
1343 463 1792 532 supramemoratam
1811 466 2116 518 Sessorianam
2138 469 2262 519 Basi-

1287 537 1428 583 licam
1443 533 1610 603 abipso
1625 534 1938 584 Constantino
1951 541 2262 590 constructam

1286 604 1605 674 inspiciamus,
1618 607 1867 664 columnae,
1882 609 2106 674 capitula,
2121 613 2170 660 &
2185 610 2261 659 ba-

1286 673 1352 724 ses
1387 675 1591 742 dispares
1623 675 1751 722 sunt.
1785 680 1942 740 Hujus
1977 678 2111 725 causa
2139 678 2261 738 fuit,

1286 748 1392 812 quia
1410 747 1745 795 Constantinus
1762 744 1953 814 profana
1972 745 2169 796 aedificia
2186 750 2264 798 de-

1287 818 1501 871 molitus,
1530 833 1587 863 ex
1619 833 1786 864 eorum
1822 819 1968 865 ruinis
2002 835 2156 874 nova,
2188 835 2266 866 ve—

1289 903 1435 952 roque
1456 888 1559 932 Deo
1578 884 1842 935 dedicanda
1863 889 2067 956 Templa
2087 889 2267 935 excita·

1289 957 1362 1004 vit
1381 992 1391 1001 .
1433 954 1489 1003 Id
1509 956 1654 1002 etiam
1678 956 1724 1002 in
1757 956 2068 1006 aedificatione
2103 959 2268 1006 trium·-

1291 1025 1438 1094 pbalis
1464 1024 1592 1072 arcus
1615 1025 1770 1074 eidem
1790 1029 2071 1094 Imperatori
2097 1026 2271 1085 dicati,

1293 1100 1422 1159 cujus
1439 1096 1749 1162 elegantiores
1775 1101 1963 1154 Statuae,
1981 1097 2272 1163 similiaque,

1294 1166 1606 1233 anaglypbiea
1636 1182 1813 1232 operae
1843 1168 2162 1231 Trajaniarcu
2196 1166 2274 1214 de-

1294 1235 1480 1303 sumpta
1495 1231 1625 1282 fuiffe
1644 1232 1766 1283 fama
1800 1238 1880 1295 est,
1911 1235 2122 1304 factaque
2151 1236 2272 1285 inter

1292 1324 1347 1355 ea
1367 1307 1620 1353 collatione
1635 1340 1649 1361 ,
1667 1309 1892 1372 temporis
1909 1305 2157 1356 diversitas
2176 1308 2271 1353 evi-

1289 1373 1553 1424 dentiffim&
1574 1373 1966 1441 apparet,fa<stum
1984 1374 2274 1423 ostendimus

1288 1447 1335 1492 in
1364 1443 1493 1494 dieto
1536 1445 1687 1492 nostro
1716 1463 1856 1512 opere
1892 1446 1949 1495 de
1979 1449 2141 1495 Veter.
2169 1447 2274 1493 Mo-

1286 1517 1404 1563 nim.
1427 1528 1558 1582 parte
1585 1534 1623 1562 1.
1646 1532 1745 1581 cap.
1775 1533 1819 1561 2.

1359 1585 1505 1652 Qod
1528 1587 1640 1633 vero
1655 1583 1713 1632 de
1748 1581 2005 1633 Sessoriana
2023 1581 2276 1641 Bafilich,

1293 1654 1446 1721 deque
1474 1673 1583 1701 arcu
1618 1654 1797 1703 dicftum
1833 1653 1912 1712 est,
1944 1655 2087 1703 etiam
2122 1654 2276 1702 dicen-

1294 1724 1411 1771 dum
1432 1724 1623 1773 videtur
1639 1725 1695 1772 de
1711 1723 1914 1772 Bafilicis
1929 1727 1972 1771 S.
1989 1724 2118 1771 Pauli
2137 1725 2181 1769 in
2194 1724 2274 1770 via

1295 1791 1580 1850 Ostienfi,&
1597 1796 1640 1840 S.
1678 1795 1920 1842 Laurentii
1942 1796 1985 1841 in
2007 1799 2142 1861 Agro
2174 1796 2274 1840 Ve-

1297 1881 1442 1921 rano,
1478 1881 1577 1928 quae
1617 1864 1729 1912 licet
1756 1864 1900 1913 hodie
1941 1866 2030 1912 illae
2061 1880 2152 1910 non
2169 1859 2277 1918 sint,

1293 1952 1391 2000 quae
1413 1953 1436 1980 a
1457 1931 1766 1981 Constantino
1785 1932 2019 1982 aedificatae
2042 1931 2191 1989 fuere,
2212 1945 2276 1977 at-

1296 2017 1452 2051 tamen
1483 2003 1621 2070 longss
1659 2009 1888 2067 majorem
1918 2022 1975 2053 ex
2012 2001 2276 2052 eorundem

1294 2074 1526 2122 caementis
1548 2086 1747 2140 partem,
1768 2076 1814 2120 in
1846 2091 2020 2121 novam
2044 2070 2274 2118 fabricam

1294 2139 1427 2191 fuiffe
1447 2140 1722 2191 conversam
1743 2142 1968 2190 credibile
1987 2141 2067 2197 est,
2084 2143 2134 2191 δι
2150 2140 2276 2186 colu-

1298 2230 1427 2261 mnas
1453 2214 1713 2280 praecipue,
1742 2229 1840 2279 quae
1859 2213 1978 2259 inter
1997 2210 2039 2259 se
2061 2246 2076 2267 ,
2111 2223 2164 2258 ut
2188 2211 2274 2258 im,

1296 2278 1555 2332 Sessoriana
1574 2280 1782 2339 Basilica,
1798 2278 1999 2348 dispares
2015 2278 2136 2328 sunt.

1363 2355 1587 2401 Praeterea
1608 2370 1632 2397 a
1651 2352 1971 2399 recentiorum
2005 2349 2277 2403 sententia„

1291 2424 1436 2472 etiam
1477 2419 1680 2468 maxime
1713 2438 1786 2469 me
1821 2422 1997 2468 avertit
2033 2437 2276 2487 operum„

1292 2488 1595 2540 Mufivorum
1614 2487 1871 2537 diversitas.
1906 2491 1969 2537 Ea
1982 2492 2143 2548 enim,
2179 2512 2279 2560 quae

1296 2562 1342 2607 in
1367 2557 1548 2607 fornice
1580 2556 1955 2626 conspiciuntur,
1988 2561 2278 2629 pereleganti

1298 2627 1514 2678 minerva
1530 2630 1773 2696 compacta
1791 2627 1911 2687 sunt,
1924 2632 2014 2677 alia
2028 2630 2162 2690 vero,
2176 2630 2278 2700 q‘uae

1295 2701 1341 2746 in
1356 2704 1604 2762 januarum
1621 2700 1795 2747 lunulis
1811 2713 1991 2757 extant,
2007 2701 2143 2767 plane
2167 2701 2278 2749 rudi

1297 2786 1439 2836 opere
1489 2766 1594 2816 sunt
1643 2769 1881 2819 elaborata
1902 2805 1913 2815 .
1969 2772 2282 2839 Qapropter

1298 2843 1437 2907 quam
1455 2837 1736 2907 apertiffime
1769 2841 1864 2888 haec
1893 2857 2097 2908 operum
2126 2839 2277 2889 Muss-

1299 2926 1471 2959 vorum
1493 2910 1692 2958 varietas
1723 2923 1996 2978 temporum
2029 2908 2275 2959 diverfita·

1299 2994 1396 3029 tem
1414 2977 1638 3029 ostendit.
1669 2981 1790 3028 Puto
1812 2982 1975 3047 igitur,
2010 2978 2275 3045 Templum

1297 3052 1404 3108 hoc,
1420 3046 1511 3097 five
1532 3050 1731 3108 Baccho,
1749 3048 1845 3099 five
1859 3051 1939 3097 alii
1955 3047 2068 3097 falso
2100 3048 2276 3096 Numi-2

1299 3122 1347 3168 ni
1379 3119 1562 3167 sacrum
1585 3121 1701 3167 olim
1729 3116 1882 3176 fuisse,
1915 3117 2068 3185 postea
2097 3115 2212 3164 vero
2249 3135 2275 3164 a

1300 3187 1609 3240 Constantino
1624 3191 1671 3235 in
1687 3188 2089 3257 Baptisterium,ac
2104 3184 2277 3236 deinde

1304 3261 1351 3308 in
1368 3255 1506 3330 ipsius
1532 3255 1638 3309 filiae
1658 3255 1958 3327 sepulchrum
1974 3252 2275 3306 conversum.

2117 3325 2274 3378 Variae
