2378 3674
740 274 1239 340 CAPUT
1333 272 1459 328 XI.

188 348 422 400 Secundus
459 346 623 397 habet.

272 418 552 470 VALEAT
590 416 716 483 QVI
751 419 947 466 FECIT

441 491 537 537 CN
576 491 746 537 DOM.

114 558 326 608 Scilicet:
365 558 517 611 Valeat
533 554 731 627 quificit
761 560 902 609 Cneus
937 559 1089 609 Domi-

110 633 199 678 tius
218 663 227 674 .
251 629 474 697 OEdipus
491 646 583 676 non
606 634 727 684 ium,
748 629 848 675 aliis
867 630 1086 675 divinan-

113 699 229 747 dum
250 701 467 765 relinquo
487 697 760 745 Domitium
781 695 920 744 istum
935 729 946 742 .

180 771 359 819 Omnes
393 766 483 815 istae
514 767 685 833 tegulae
726 781 938 834 tempora
959 770 1085 816 Con-

108 835 309 886 stantino
341 836 576 885 anteriora
605 835 787 902 sapiunt
813 872 828 894 ,
866 851 913 884 at
936 834 1086 885 cum-,2

110 908 392 955 amovibiles
411 905 500 955 sint
515 940 530 962 ,
563 903 706 967 objjci
726 908 882 964 valet,
915 910 959 954 in
976 908 1087 956 tec‘ii

108 972 439 1026 refectionibus
465 993 523 1024 ex
541 976 642 1022 aliis
662 977 774 1024 locis
802 975 1087 1046 desumptas,

106 1043 239 1094 isthic
256 1044 387 1095 fuisse
403 1043 592 1114 politas,
612 1045 718 1094 ideo
738 1064 932 1097 examen
951 1050 1087 1117 penes

108 1114 362 1167 Lestorem
383 1115 478 1165 esto
501 1151 510 1162 .

320 1256 687 1310 CAPUT
763 1260 869 1307 ΧΙ.

231 1397 300 1448 De
320 1396 501 1466 Ecclefia
532 1395 782 1447 Sanfforum
809 1410 979 1464 quatuor

437 1471 475 1519 C
479 1483 739 1516 oronatorum
762 1503 772 1513 .

233 1610 385 1656 Raeter
439 1604 573 1674 supra
620 1604 784 1653 relatas
826 1600 1049 1653 Ecclesias
1067 1639 1084 1662 ,

108 1611 201 1739 P
242 1693 439 1742 quarum
471 1675 817 1724 constructione
846 1711 862 1732 ,
917 1689 1086 1740 atquea

107 1761 278 1798 ornatu
299 1748 440 1812 pietas
458 1782 474 1804 ,
510 1747 559 1796 ὅ(
594 1744 943 1812 magnificentia
962 1748 1086 1792 Con-

105 1816 291 1868 stantini
319 1817 622 1883 Imperatoris
651 1816 826 1863 enituit
840 1849 855 1872 ,
870 1830 1090 1880 quarum-

107 1904 199 1955 que
233 1889 278 1932 in
303 1886 446 1933 Libro
478 1883 771 1942 Pontificali,
808 1885 856 1934 &
890 1882 1015 1951 apud
1038 1900 1086 1927 a-

109 1960 194 2006 lios
226 1956 458 2004 Austores
483 1969 608 2005 certa
642 1955 821 2003 mentio
854 1952 953 2010 est,
990 1951 1090 2000 aliae

111 2025 323 2093 quaedam
343 2025 447 2073 sunt
472 2029 518 2073 in
539 2027 622 2073 hac
643 2024 811 2074 eadem
839 2020 974 2076 Urbe
994 2056 1011 2079 ,
1031 2020 1090 2070 de

111 2093 281 2164 quibus
296 2130 312 2153 ‚
330 2097 406 2143 vel
425 2097 612 2161 antiqua
627 2094 821 2142 traditio
838 2129 854 2151 ,
884 2094 956 2141 vel
975 2108 1091 2157 quae·

109 2168 221 2214 dam
275 2163 554 2214 subobscura
598 2165 770 2213 indicia
818 2162 1089 2231 supersunt3

110 2235 220 2285 ideo
255 2252 419 2285 earum
443 2236 631 2283 notitias
655 2270 672 2292 ,
724 2233 1087 2300 qualescumque

107 2302 200 2353 sint
231 2339 247 2362 ‚
282 2301 364 2352 sub
392 2306 539 2354 oculis
571 2322 693 2373 pono
724 2340 740 2362 ,
779 2301 920 2352 fidem
953 2302 1088 2371 penes

111 2373 433 2432 Pancirolum,
451 2371 762 2424 Ecclesiarum
784 2372 932 2426 Urbis
946 2369 1086 2421 histo-

111 2443 234 2491 riam
265 2439 604 2493 describentem
621 2480 637 2503 ‚
657 2446 936 2509 'relinquens
959 2479 969 2489 .

182 2515 315 2560 Inter
332 2512 552 2561 Ecclesias
571 2549 586 2570 ,
623 2513 681 2562 de
701 2512 868 2570 quibus
898 2511 1086 2561 dubita-

109 2593 190 2629 tur
203 2615 219 2639 ,
236 2598 293 2627 an
311 2601 331 2628 a
353 2581 554 2649 piillimo
574 2572 865 2650 Imperatore
881 2581 1085 2631 constru-

108 2651 195 2701 &ae
214 2647 422 2709 fuerint,
456 2653 629 2703 merito
655 2654 748 2700 haec
767 2653 1086 2701 Sanctorum-2

109 2735 314 2787 quatuor
334 2725 682 2771 Coronatorum
702 2722 833 2769 venit
864 2739 1086 2770 annume-

109 2791 289 2849 randa,
327 2790 435 2839 cum
474 2791 685 2838 laudatus
708 2791 974 2838 Pancirolus
1000 2792 1086 2840 in..

107 2856 200 2909 suis
244 2859 493 2910 Thesauris
537 2857 818 2908 absconditis
862 2863 1085 2911 Romanae

108 2931 338 2979 Civitatis
358 2930 476 2998 Reg.
499 2948 543 2977 2.
567 2927 739 2978 Eccles,
764 2946 844 2975 22.
864 2930 980 2977 hanc
999 2933 1084 2979 Ec-

108 2996 293 3049 clesiam
314 3021 338 3048 a
361 2999 669 3057 Constantino
695 2997 994 3057 aedificatam,
1036 2998 1088 3049 fi·

109 3084 170 3118 ve
207 3070 359 3137 potitis
391 3068 656 3119 restitutam
690 3066 821 3116 fuisse
858 3066 1048 3117 testetur
1070 3106 1080 3117 .

109 3134 278 3188 Praeter
303 3142 420 3189 hanc
439 3141 688 3197 notitiam,
718 3139 856 3187 aliam
885 3139 1084 3188 minim&

108 3205 331 3258 adinveni
353 3247 363 3258 .

181 3345 383 3397 Par-III.

2016 288 2111 336 137

1341 410 1918 468 CAPUTVXII.

1235 555 1304 607 De
1321 552 1502 623 Ecclesia
1526 553 1561 603 S
1562 552 1777 602 anHorum
1801 552 2019 603 duodecim

1467 626 1768 690 Apostolorum
1786 658 1797 669 .

1250 769 1298 815 X
1330 762 1533 831 quadam
1566 761 1912 830 Inscriptione,
1946 762 2106 811 olim„

1144 769 1233 892 E
1278 837 1323 881 in
1342 836 1424 882 hac
1441 830 1644 881 Ecclesia
1661 845 1849 880 extante
1872 866 1889 889 ,
1926 833 2115 882 Auctor

1142 905 1204 952 est
1223 904 1348 952 idem
1369 904 1634 951 Pancirolus
1655 903 1700 948 in
1723 905 1838 969 Reg.
1861 918 1905 959 7.
1938 902 2108 951 Ecclefi

1146 992 1188 1035 ς,
1208 974 1327 1022 istud
1354 971 1602 1021 aedifcium
1635 990 1659 1019 a
1685 975 1863 1038 Magno
1888 969 2114 1020 Constan-
2156 977 2167 985 ’

1141 1047 1241 1092 tino
1269 1043 1587 1092 constructum
1617 1037 1904 1109 apparuisse,
1942 1055 1990 1088 at
2016 1060 2115 1108 quae

1139 1116 1185 1161 in
1209 1112 1518 1181 Inscriptione
1548 1108 1939 1167 continebantur,
1977 1114 2113 1159 mini-

1137 1185 1212 1231 me}
1230 1182 1459 1243 refert3&
1476 1181 1742 1232 Hadrianus
1763 1184 1882 1248 Papa
1904 1180 1950 1226 in
1968 1181 2110 1247 Epist.

1136 1254 1194 1301 acl
1217 1254 1447 1301 Gai-olum
1469 1256 1700 1318 Magium
1731 1249 1788 1298 de
1807 1250 2114 1315 Imaginibus,

1135 1324 1251 1371 hanc
1269 1319 1510 1369 Basilicam
1530 1339 1554 1367 a
1571 1321 1758 1387 Pelagio
1775 1321 1972 1366 Summo
1985 1320 2106 1368 Pon-

1134 1391 1259 1442 tifice
1279 1393 1515 1459 inceptam
1534 1425 1549 1446 ,
1587 1391 1636 1440 ὃς
1657 1392 1873 1457 aJoanne
1890 1392 1984 1450 ejus
2000 1391 2111 1437 Suc-

1136 1459 1305 1511 cessore
1334 1459 1586 1530 perfectam
1617 1457 1745 1507 fuiffe
1762 1457 1907 1506 tradit
1929 1493 1939 1504 .
1985 1460 2115 1526 Qa-

1138 1546 1330 1602 proptei·
1345 1531 1453 1580 cum
1480 1529 1668 1578 historia
1684 1530 1730 1577 in
1750 1525 1947 1576 obscuro
1962 1530 2112 1595 polita

1135 1600 1191 1651 sit
1204 1639 1219 1661 ,
1239 1604 1339 1650 aliis
1352 1620 1457 1651 eam
1476 1618 1501 1650 e
1517 1596 1719 1650 tenebris
1738 1598 1935 1648 eruendi
1952 1613 2137 1649 curam*

1135 1674 1443 1740 relinquimus
1460 1708 1472 1719 .

1331 1814 1375 1863 C
1415 1814 1461 1861 A
1496 1809 1531 1858 P
1565 1812 1615 1859 V
1654 1806 1699 1855 T
1786 1805 1924 1860 XIII.

1348 1950 1419 2002 De
1440 1948 1628 2017 Bafilica
1644 1947 1692 1999 S·
1710 1944 1877 1997 Sabine
1894 1978 1906 1991 .

1270 2092 1321 2138 Ν
1348 2109 1372 2137 a
1404 2086 1559 2137 nostro
1581 2091 1875 2155 Imperatore
1902 2057 2117 2132 ‘constru-

1149 2098 1251 2218 Α
1292 2161 1366 2209 &a
1386 2162 1476 2207 haec
1494 2155 1637 2207 fuerit
1656 2153 1859 2206 Ecclesia
1875 2187 1892 2211 ,
1912 2151 2115 2203 dubium

1143 2230 1288 2277 etiam
1307 2228 1516 2278 redditur
1535 2263 1546 2274 .
1579 2225 1848 2276 Pancirolus
1867 2224 1995 2271 enim
2033 2225 2118 2276 ill-a

1141 2302 1258 2367 Reg.
1279 2318 1330 2361 9.
1350 2297 1521 2347 Eccles.
1541 2302 1585 2347 8.
1620 2297 1898 2365 opinionem
1915 2289 2119 2341 affirma-

1140 2371 1290 2417 tivam
1309 2383 1483 2429 tuetur3
1493 2380 1540 2415 at
1554 2364 1588 2415 fi
1603 2365 1718 2416 bene
1738 2361 2118 2430 Inscriptionem,

1141 2437 1429 2507 palmaribus
1456 2438 1603 2486 literis
1632 2432 1827 2485 Mufivo
1860 2449 2001 2499 opere
2039 2450 2120 2481 ex-

1142 2507 1325 2577 pressis,
1368 2512 1415 2557 in
1445 2507 1611 2557 eadem
1646 2503 1836 2553 Basilica
1872 2501 2023 2549 adhuc
2046 2520 2122 2551 ex-

1142 2593 1319 2629 tantem
1334 2615 1350 2636 ,
1384 2579 1709 2628 examinemus
1725 2609 1742 2633 ,
1769 2593 1793 2622 a
1809 2571 2014 2639 quodam
2031 2573 2117 2620 Pe-

1142 2662 1215 2698 tro
1250 2647 1400 2703 Urbis
1434 2646 1717 2713 Presbytero
1738 2679 1754 2701 ,
1797 2643 1877 2708 qui
1899 2654 2116 2708 tempore

1141 2719 1386 2769 Coelestini
1413 2722 1450 2768 Ι.
1484 2719 1609 2766 vixit
1634 2751 1650 2772 ,
1696 2728 1863 2778 nempe
1895 2711 2016 2757 circa
2038 2730 2115 2759 an-

1139 2808 1254 2837 num
1279 2788 1453 2839 Christi
1488 2792 1605 2849 426⁴.
1643 2780 1918 2831 aedificatam
1955 2776 2119 2832 fuisse„

1139 2857 1394 2908 dicendum
1423 2853 1489 2904 est
1515 2890 1531 2911 ,
1579 2852 1707 2919 quod
1733 2852 1784 2901 &
1816 2847 2115 2900 veriffimum

1140 2924 1226 2977 effe
1250 2923 1415 2974 censeo
1439 2959 1455 2981 ,
1489 2937 1544 2971 ut
1577 2920 1757 2972 ostendi
1789 2922 1838 2968 in
1875 2937 2017 2987 opere
2056 2921 2116 2973 de

1140 3002 1253 3050 Vet.
1273 2996 1481 3045 Monim.
1508 3006 1640 3062 parte
1667 3011 1708 3043 1.
1738 3009 1839 3061 cap.
1863 3006 1943 3040 ιι.
