2378 3674
570 246 849 300 srz‘stI
896 249 1129 298 CARD.
1186 245 1634 299 CARPINEI.

114 317 366 385 Inscriptio
394 317 507 367 Em
526 320 598 366 M.
620 320 761 367 AYP.
786 318 1083 366 ΑΛΕΞΑΝ-

110 390 304 439 ΔΡΟΥ.
351 390 401 435 Β.
436 389 612 438 APXI.
642 387 1075 437 AHAMENQN.

109 458 204 506 Sub
223 461 294 506 M.
317 460 436 505 Aur.
470 460 746 507 Alexandro
767 461 939 507 iterum
959 460 1078 506 Pon-

109 525 226 576 tifex
240 526 597 595 Apamensium.
618 526 800 577 Censeo
815 543 1079 596 propterea,

108 601 382 646 Nummum
413 598 536 646 hunc
563 616 657 646 non
686 600 732 644 in
765 597 947 666 fignum
977 599 1078 644 uni-

109 667 302 718 versalis
321 703 336 725 ,
374 665 452 716 seu
475 670 785 716 Deucalionei
804 669 1010 727 Diluvii,
1028 682 1080 715 ut

110 740 328 807 opinatus
347 737 410 785 est
440 739 738 786 Falconerius
754 774 770 795 ,
807 737 884 803 sed
904 758 926 785 a
945 740 1081 787 Chri-

108 808 266 857 stianis
299 809 345 854 in
366 805 547 873 fignum
578 809 748 856 laetitiae
773 843 789 865 ‚
826 808 952 873 quod
984 809 1079 875 ipse

106 879 350 944 Philippus
377 876 647 925 Christiana?
678 879 915 946 Religioni
947 878 1079 927 addi-

108 949 210 997 <stus
228 947 344 1009 esset
361 982 376 1004 ,
394 943 626 1013 sculptum
645 945 781 996 fuisse
799 984 814 1005 ,
833 962 884 996 ut
901 966 957 996 ex
975 967 1081 1016 prae—

107 1020 265 1068 citatis
290 1017 580 1066 Auitoribus
601 1017 933 1066 deduco.Arca
950 1022 1079 1067 enim

109 1092 221 1138 Noe
249 1087 448 1136 salutem
467 1105 523 1135 eit
546 1085 838 1155 Baptismatis
857 1087 975 1156 aquz‘i
1002 1089 1081 1138 de-

109 1172 274 1216 notat,
314 1171 366 1204 ut
383 1158 429 1203 in
452 1159 605 1223 primo
622 1156 856 1207 Emblem.
880 1177 1011 1206 num.
1035 1175 1077 1217 3.

114 1234 176 1278 D.
204 1229 328 1276 Petri
367 1227 643 1276 austoritate
671 1263 688 1285 ,
735 1227 1078 1276 demonstravi.

109 1298 258 1365 Qud
291 1294 576 1364 Apamenses
603 1299 749 1347 Cives
787 1316 842 1347 eo
870 1313 1082 1366 tempore

40 1396 50 1403 »
110 1366 428 1418 Christianam
445 1364 747 1435 suscepissent
764 1370 1082 1437 Religionem,
1098 1419 1110 1434 1

108 1437 244 1486 facile
265 1436 474 1485 adducor
505 1437 563 1485 ad
592 1438 879 1487 credendum
910 1475 925 1496 ,
977 1457 1081 1506 pro-

115 1522 218 1577 pter
251 1508 549 1555 vicinitatem
566 1508 841 1576 Apamensis
859 1511 1082 1558 Civitatis

112 1595 224 1627 cum
254 1576 554 1626 Antiochenei
582 1614 592 1624 .
631 1580 690 1625 Et
717 1577 826 1627 curn
855 1582 904 1626 B.
924 1580 1083 1627 Petrus

109 1651 157 1697 in
190 1650 272 1695 hac
307 1647 528 1695 divinum
561 1650 872 1716 Evangelium
908 1667 989 1716 per
1013 1648 1080 1696 se-

111 1733 243 1786 ptem
261 1735 405 1766 annos
426 1716 691 1767 seminasset
706 1755 722 1776 ,
759 1737 842 1786 pro
862 1733 992 1768 certo
1011 1721 1083 1766 ha-

110 1787 320 1838 bendum
349 1786 416 1837 est
438 1824 454 1846 ,
493 1790 636 1837 etiam
664 1789 882 1839 Verbum
915 1792 1004 1839 Dei
1035 1791 1082 1836 in

110 1860 338 1929 proximis
361 1858 679 1927 promulgasse
714 1859 960 1912 Urbibus.

195 1932 309 1978 Huc
343 1929 483 1995 usque
513 1931 802 1993 conjunffitim
833 1927 1083 1998 respondi,

109 1999 257 2048 modo
280 1997 530 2066 separatim
549 2002 692 2049 etiam
704 1997 1085 2068 respondendum

109 2069 175 2118 est
193 2107 203 2116 .
242 2071 361 2116 Satis
380 2087 492 2137 ergo
516 2083 628 2137 puto
649 2106 664 2128 ,
701 2068 734 2117 fi
756 2072 976 2139 Scaligeri
1001 2070 1083 2119 ob-

107 2139 229 2205 jesta
248 2137 433 2187 tantum
456 2140 637 2188 diluam
653 2176 669 2198 ,
705 2138 814 2188 cum
835 2139 974 2208 ipsius
989 2177 1004 2199 ,
1037 2143 1084 2188 in

109 2211 392 2257 contrariam
414 2223 597 2259 tuentes
625 2209 900 2259 sententiam
925 2247 942 2270 ,
982 2229 1086 2279 pro-

109 2281 287 2337 lixior,
324 2293 463 2347 atque
481 2282 631 2329 acrior
650 2278 842 2329 censura
876 2280 957 2330 fit.
989 2283 1085 2329 Pri-

109 2365 193 2396 mo
213 2349 357 2413 igitur
384 2352 488 2398 loco
508 2348 722 2417 praefatus
740 2352 947 2418 Scaliger
981 2353 1085 2419 opi-

114 2431 252 2465 natur
281 2452 297 2474 ‚
346 2418 666 2469 Christianum
703 2422 886 2469 cultum
923 2418 1090 2490 magnii

113 2485 304 2536 afficere
325 2485 497 2550 injuria
523 2525 539 2546 ,
590 2492 670 2556 qui
702 2492 937 2540 latronem
968 2495 1087 2539 Ara-

110 2557 221 2606 bem
237 2592 254 2615 ,
291 2559 470 2625 proprii
492 2560 689 2608 Domini
708 2561 1019 2626 proditorem,
1038 2580 1088 2608 ac

112 2624 468 2678 interfe&orem
501 2664 517 2686 ,
568 2628 902 2696 idolorumque
933 2633 1088 2679 culto-

111 2715 232 2754 rem,
249 2695 570 2747 Christianum
587 2693 717 2747 fuisse
732 2714 936 2747 narrant,
957 2702 1088 2749 Huic

114 2766 370 2831 objeetioni
401 2763 538 2817 facil&
554 2767 825 2836 responderi
847 2766 970 2837 posse
998 2772 1090 2819 exi-

113 2839 253 2887 stimo
268 2874 283 2895 ,
301 2857 359 2887 ex
380 2839 612 2886 Gentium
633 2840 840 2888 Dostore
859 2876 874 2897 ,
892 2842 973 2906 qui
994 2842 1058 2888 ait
1072 2877 1088 2899 ,

115 2909 257 2960 Deum
277 2911 397 2958 velle
411 2927 549 2958 omnes
566 2909 756 2959 homines
761 2912 922 2979 fizl‘vos
941 2913 1053 2979 fieri
1071 2947 1087 2969 ,

109 2979 620 3048 incomprehenstbiliaque
654 2981 731 3048 effi
750 2981 927 3046 judicia
960 2983 1051 3046 ejus
1073 3018 1083 3027 .

110 3053 215 3099 Nos
236 3049 429 3116 quidem
449 3051 734 3117 ignoramus,
752 3068 834 3097 cur
852 3048 946 3118 ipse
964 3051 1087 3099 scru-

112 3133 238 3170 tator
257 3120 473 3168 cordium
494 3124 622 3169 Deus
639 3157 655 3179 ,
682 3121 952 3187 Philippum
975 3123 1085 3169 talia

1135 321 1226 376 rit,
1251 317 1565 366 Christianam
1587 318 1633 363 in
1656 321 1753 378 ejus
1774 334 1854 363 cor
1877 266 2107 365 instilsa‘iisj

1134 389 1194 437 do
1211 388 1536 436 Fidem.Plura
1551 382 1731 453 possent
1748 387 1920 433 adduci
1941 404 2102 437 exem-

1133 460 1207 525 pla
1226 494 1241 515 ,
1280 471 1377 504 tam
1396 475 1420 505 e
1438 458 1618 512 veteri,
1634 459 1773 522 quam
1796 474 1818 504 e
1843 474 1966 503 nova
1984 459 2107 526 lege;

1133 529 1404 594 Principum
1424 527 1566 573 etiam
1583 526 1816 590 Fidelium
1839 562 1854 583 ,
1881 543 1995 592 quos
2016 532 2108 578 Dei

1133 597 1390 664 benignitas
1408 614 1464 644 ex
1481 608 1673 662 peccato
1693 594 1991 657 adjustitiam
2008 617 2107 665 per.

1134 669 1270 715 duxit
1288 689 1304 728 3
1321 680 1366 713 at
1383 666 1477 714 duo
1494 665 1829 713 tantummodo
1852 667 1898 711 in
1917 683 2101 716 memo-

1134 740 1250 784 riam
1271 751 1443 784 revoco
1460 772 1469 782 .
1510 736 1722 782 Primum
1743 734 1806 783 est
1824 736 1981 784 David
1996 772 2012 795 ‚
2026 741 2107 804 qui

1135 821 1186 854 ut
1214 804 1464 854 Bethsabee
1503 803 1801 872 amplexibus
1836 802 2106 867 frueretur,

1136 878 1310 930 Uriam
1335 881 1433 938 ejus
1455 877 1614 922 virum
1646 881 1803 924 necari
1833 873 1986 938 juffit.
2026 880 2107 926 Se-

1133 948 1343 995 cundum
1364 980 1379 1002 ,
1410 943 1705 994 Theodofius
1724 947 2008 1011 Imperator,
2027 950 2107 1013 qui

1133 1017 1190 1065 ad
1212 1015 1527 1064 ulciscendam
1545 1010 1881 1063 Thessalonica*
1899 1015 2106 1066 Praefecffi

1133 1088 1342 1135 militum
1365 1100 1568 1134 mortem
1586 1121 1602 1143 ,
1641 1086 1869 1152 populum
1894 1080 2108 1148 ‘ejusdem

1132 1158 1388 1213 Civitatis,
1425 1169 1522 1203 tam
1556 1155 1737 1212 sontes,
1775 1157 1916 1220 quam
1947 1154 2104 1204 inson-

1133 1243 1199 1275 tes
1216 1263 1230 1283 ,
1268 1223 1410 1292 usque
1442 1225 1500 1273 ad
1521 1224 1699 1292 septem
1731 1225 1882 1270 millia
1904 1224 2108 1274 interfici

1134 1298 1381 1344 mandavit
1400 1331 1410 1341 .
1444 1296 1773 1343 Nihilominus
1795 1293 1949 1359 postea
1967 1293 2106 1344 ambo

1135 1366 1206 1414 isti
1229 1365 1508 1433 poenitentia
1527 1364 1654 1413 duffi
1673 1400 1689 1422 ,
1726 1361 1861 1431 probi
1885 1398 1901 1420 ,
1939 1361 2106 1413 iamsti-

1134 1454 1223 1502 que
1259 1437 1495 1502 Principes
1530 1470 1546 1492 ,
1601 1435 1815 1483 omnium
1852 1433 2075 1483 consensu
2091 1472 2108 1494 ,

1135 1505 1291 1555 fuere.
1332 1506 1562 1553 Mortales
1585 1521 1744 1552 omnes
1777 1505 1976 1570 propriae
2005 1503 2108 1571 passs

1138 1577 1283 1626 fiones
1303 1612 1318 1633 ,
1334 1577 1382 1626 δε
1409 1571 1600 1623 affeffiius
1629 1572 1928 1621 immoderati
1951 1573 2108 1622 domi-

1135 1661 1306 1696 nantur
1331 1682 1347 1703 ,
1385 1647 1464 1710 qui
1498 1643 1531 1692 fi
1561 1644 1857 1711 languescere
1883 1678 1898 1700 ‚
1935 1643 2111 1694 divinae

1134 1719 1293 1786 gratiae
1332 1733 1423 1783 ope
1461 1716 1715 1782 incipiant,
1752 1711 1917 1761 eadem
1941 1714 2109 1762 divinat

1137 1785 1287 1858 grati&
1309 1798 1528 1853 operante
1566 1782 1798 1831 subintrat
1826 1780 2107 1833 bonorum„

1136 1859 1354 1908 omnium
1373 1855 1535 1904 ametor
1552 1891 1567 1913 ,
1605 1856 1655 1905 ὅτ,
1675 1855 1813 1901 altrix
1833 1888 1844 1898 .

1195 1928 1377 1991 Objicit
1395 1923 1596 1974 secundo
1614 1927 1717 1973 loco
1734 1924 1996 1990 praecitatus
2010 1926 2110 1971 Sca·-

1137 2001 1256 2066 liger
1275 2036 1288 2057 ‚
1310 1998 1420 2044 duas
1440 1997 1661 2062 Origenis
1681 1991 1906 2060 Epistulas
1926 1993 1983 2042 ad
2003 1993 2111 2040 Phi-

1138 2072 1321 2137 lippum
1349 2101 1365 2123 ,
1402 2067 1452 2115 ὅ(
1484 2067 1708 2113 Severam
1739 2068 1836 2123 ejus
1867 2081 2110 2113 uxorem.»
2132 2117 2141 2127 ‚K

1139 2137 1493 2188 commentitias
1511 2131 1598 2182 esse
1617 2170 1627 2180 .
1655 2133 1946 2198 Scaligerum
1962 2135 2112 2200 igitur

1139 2206 1290 2276 quaeso
1307 2243 1322 2264 ,
1341 2205 1574 2253 undenam
1593 2204 1737 2250 talem
1757 2202 2111 2262 auctoritatem,

1139 2298 1189 2326 ac
1208 2276 1541 2326 certitudinem
1563 2272 1762 2321 hauserit
1777 2306 1793 2328 ,
1830 2285 1883 2318 ut
1908 2272 1986 2319 has
2006 2274 2114 2339 Epi-

1142 2348 1275 2398 stolas
1310 2344 1446 2415 poffit
1476 2343 1733 2393 commenti
1772 2376 1787 2397 ,
1825 2359 1876 2388 ac
1901 2337 2114 2390 falsitatis

1143 2435 1372 2488 arguere,
1407 2414 1523 2462 dum
1557 2432 1630 2463 eas
1659 2411 1703 2459 se
1736 2408 1900 2459 vidisse
1919 2411 2115 2460 testatur

1141 2493 1202 2538 D.
1230 2489 1595 2557 Hieronymus,
1631 2484 1680 2532 &
1713 2499 1769 2529 ex
1788 2482 1832 2527 S.
1852 2482 2112 2532 Vincentio
2142 2509 2144 2511 >

1142 2553 1369 2606 Lirinensi
1389 2556 1699 2618 conjicimus,
1738 2553 1879 2599 etiam
1908 2548 1989 2598 suo
2014 2569 2113 2600 aevo

1147 2631 1248 2678 illas
1277 2624 1478 2676 extitisse
1511 2661 1522 2671 .
1575 2619 1835 2688 Qomodo
1863 2638 1976 2688 ergo
2009 2618 2116 2669 sunt

1141 2697 1507 2748 commentitias?
1545 2697 1669 2741 Item
1699 2727 1714 2748 ,
1751 2689 1952 2757 quinam
1972 2690 2115 2739 auda-

1143 2769 1216 2818 ciat
1237 2768 1440 2832 Scaliger
1459 2764 1550 2811 tale
1569 2759 1749 2830 profert
1772 2759 2007 2823 judicium
2030 2800 2044 2822 ‚
2081 2759 2115 2809 fi

1143 2857 1216 2887 eas
1235 2854 1326 2884 non
1345 2835 1487 2902 legit,
1504 2850 1655 2899 neque
1677 2829 1829 2878 vidit?
1845 2832 1970 2881 Vult
1984 2833 2114 2879 enim

1141 2906 1426 2961 inauditum,
1444 2922 1496 2951 ac
1531 2921 1625 2951 non
1643 2898 1798 2950 visum
1815 2936 1830 2958 ,
1847 2914 1986 2967 atque
2000 2919 2113 2969 prae-

1141 2975 1324 3026 tensum
1352 2991 1486 3022 reum
1513 2972 1841 3021 condemnare.
1862 2973 1932 3018 Sit
1948 2989 2006 3021 ne
2027 2973 2116 3020 hoc

1143 3046 1349 3114 aequitati
1367 3081 1383 3102 ,
1399 3045 1448 3094 δε
1467 3043 1637 3091 rationi
1665 3040 1925 3090 consonum
1940 3077 1957 3100 ,
1973 3043 2111 3109 aequi,

1140 3117 1370 3187 probique
1401 3115 1507 3164 Viri
1541 3112 1831 3176 dijudicent.
1867 3112 2027 3161 Modo
2054 3112 2113 3160 ad

107 3186 312 3239 facinora
331 3204 596 3258 perpetrare
613 3188 906 3258 permiserit,
923 3209 974 3238 ac
993 3209 1078 3239 cur
1129 3189 1258 3257 Pagii
1295 3186 1568 3253 opinionem
1595 3179 1855 3250 respondeo
1877 3218 1888 3230 .

108 3259 265 3328 postea
287 3263 424 3310 illum
445 3261 501 3310 ad
522 3262 856 3330 poenitentiam
876 3278 1079 3311 vocave-

1204 3257 1534 3326 Philipporum
1569 3249 1933 3302 converfionem
1958 3254 2112 3367 Siccu-

2015 3336 2112 3369 ares
