2378 3674
1928 238 1956 265 X
1970 241 1985 268 1
2003 241 2017 268 1
2036 240 2052 268 1

62 291 168 345 rius
198 286 650 362 progrediendum
675 323 691 347 ,
727 303 817 341 nec
854 287 1125 342 laboribus
1157 288 1519 357 parcendum,
1565 304 1653 340 nec
1679 286 1952 343 sudoribus
1975 294 2060 344 ab-

54 367 346 421 stinendum
368 403 385 425 ,
417 364 585 422 veluti
620 366 845 418 calcaria
869 362 1190 418 inserviunt.
1225 366 1361 419 Haec
1388 366 1439 417 in
1478 383 1564 417 me
1599 363 1709 437 ipso
1738 404 1752 423 ,
1785 367 1920 419 inter
1942 386 2059 420 eru-

53 446 190 499 ditos
228 443 472 510 (fateor)
516 443 736 496 minime
781 441 1145 496 enumerando
1178 479 1193 500 ‚
1219 440 1408 512 saepius
1442 440 1562 496 senfi
1588 481 1603 502 ‚
1642 444 1917 514 perlegens
1957 446 2055 496 ἰὼ

52 521 498 596 Ephemeridibus
537 520 668 593 quid
718 519 782 573 de
832 520 1077 592 pluribus
1128 520 1243 573 aliis
1283 523 1414 573 meis
1450 520 1759 589 judicabant
1805 522 2007 592 Opellis
2041 560 2058 582 ,

54 602 234 673 Typis
271 602 371 655 hoc
407 597 584 653 medio
627 612 870 669 ternpore
906 597 1239 651 demandatis
1284 636 1299 656 ,
1342 613 1544 652 exterae
1586 599 1885 658 Natione53
1925 601 2060 672 quin

56 681 180 733 cum
213 676 622 751 frequentissime
642 676 980 746 pervenirent
1013 694 1083 728 ex
1112 674 1300 727 iisdem
1335 675 1583 747 Epistolae
1604 715 1618 734 ‚
1653 679 1759 749 qua
1797 694 2060 731 commen·

55 757 357 812 dationibus
387 793 402 815 ,
437 755 541 828 qua
581 750 932 814 suafionibus‚
971 756 1076 828 qua
1120 754 1365 823 precibus
1391 753 1707 826 postulantes
1739 753 2060 809 secundam..

54 836 521 890 Monimentorum
554 832 767 886 Partem
812 851 824 883 :
868 830 1190 904 ulteriusque
1227 831 1552 886 adderentur
1599 834 1920 885 Amicorum
1962 834 2058 884 in„⁵

55 918 159 970 hac
191 915 440 968 Romana
479 911 648 967 Curia
692 910 1000 979 degentium
1054 909 1264 963 confilia
1303 948 1317 969 ,
1361 911 1414 963 &
1464 911 1793 964 hortationes
1850 910 1916 964 ad
1961 912 2061 964 hoc

58 993 230 1052 idem,
267 991 331 1044 ne
361 990 720 1045 Conviventes
747 1025 761 1045 ‚
805 988 859 1039 &
903 987 1097 1041 Posteri
1140 989 1167 1040 a
1204 990 1460 1060 temporis
1501 989 1745 1060 ingluvie
1779 1001 1858 1041 tot
1894 988 2063 1042 erudi·

58 1073 266 1126 tionum
305 1067 547 1139 profedm
573 1064 1017 1117 defraudarentur
1043 1091 1058 1124 ς
1088 1065 1371 1118 animofior
1409 1066 1579 1121 fastus
1601 1108 1615 1129 ‚
1649 1086 1734 1119 me
1776 1065 1948 1138 ipsum
1974 1067 2064 1120 ali-

60 1144 380 1221 quantulum
416 1142 646 1197 excitavi
671 1183 681 1193 .
725 1142 946 1193 Interim
985 1144 1239 1209 Regnans
1267 1144 1522 1196 Summus
1543 1145 1791 1198 Pontifex
1818 1147 2063 1198 Innocen-

57 1229 162 1280 tius
194 1224 316 1277 XII.
351 1239 514 1297 quem
552 1223 814 1274 bonorum
859 1222 1103 1272 omnium
1135 1222 1314 1274 Dator
1353 1220 1648 1274 Altiffimus
1689 1239 1787 1292 pro
1810 1222 1945 1275 felici
1968 1224 2059 1276 Ec-

61 1301 226 1358 clefiae
264 1298 367 1357 suae
400 1298 692 1371 gubernio,
739 1298 1035 1371 Populique
1074 1295 1245 1352 fidelis
1274 1297 1369 1351 fibi
1402 1298 1658 1352 commiffi
1696 1298 1951 1371 prospero
1974 1300 2063 1353 sta-

58 1397 117 1435 tu
140 1419 154 1439 ,
199 1379 289 1433 diii
321 1378 643 1432 incolumem
682 1373 852 1428 servet
873 1415 888 1435 ,
924 1376 1097 1447 elapso
1137 1394 1274 1430 anno
1314 1395 1399 1430 me
1431 1376 1839 1432 Abbreviatoris
1865 1377 1928 1431 de
1952 1379 2064 1432 Cu-

59 1460 140 1513 ria
173 1474 388 1511 munere
435 1457 683 1525 dignatus
719 1452 788 1508 est
817 1454 1072 1508 decorare
1094 1497 1105 1506 .
1136 1455 1318 1527 Qare
1353 1455 1744 1510 clementissima
1768 1458 1901 1510 tanti
1923 1457 2065 1509 Prin-

61 1538 189 1611 cipis
212 1536 457 1589 laborum
487 1550 735 1588 meorum
770 1532 911 1587 ultra
941 1535 1193 1587 meritum
1231 1536 1584 1606 approbati0‚
1612 1535 1840 1590 suaviter
1860 1552 1946 1588 me
1971 1532 2064 1586 dis-

60 1614 231 1690 posuit
264 1612 332 1668 ad
373 1614 623 1667 ultimam
665 1628 882 1664 manum
912 1613 1080 1683 Operi
1122 1611 1518 1667 admovendam
1549 1652 1564 1673 ,
1606 1613 1661 1665 &
1693 1612 1906 1667 fortiter
1944 1629 2067 1684 pro-

61 1690 355 1765 grediendo
396 1704 598 1745 metam
641 1691 823 1758 attigi.
873 1691 1067 1745 Serena
1098 1693 1264 1760 igitur
1302 1706 1478 1745 mente
1502 1730 1516 1750 ‚
1552 1692 1605 1743 ὅ(
1643 1691 1803 1744 corde
1837 1689 2065 1745 candido

61 1773 240 1844 accipe
275 1770 416 1823 hunc
457 1782 670 1823 tenuem
711 1768 905 1836 ingenii
946 1771 1052 1820 mei
1090 1782 1308 1839 partum
1330 1806 1344 1827 ,
1368 1769 1421 1820 &
1458 1768 1722 1822 offerentis
1756 1769 2065 1824 voluntatis,

61 1867 168 1905 non
205 1847 482 1903 oblationis
514 1845 746 1917 pretium
786 1844 1188 1908 animadverte3
1220 1862 1387 1920 quam
1421 1847 1768 1900 nihilominus
1812 1861 2068 1916 gratam*

63 1929 176 1983 fore
216 1943 319 1980 non
362 1925 551 1980 dubito
575 1962 591 1986 ,
628 1922 729 1976 illis
762 1921 1061 1996 praesertim
1084 1964 1100 1985 ,
1135 1927 1331 1999 quibus
1367 1925 1483 1980 loca
1525 1924 1751 1979 Mufivis
1782 1941 1971 1980 ornata
1991 1925 2065 1977 in-

62 2005 228 2061 visere
256 2000 369 2058 'non
403 2004 560 2058 datur
582 2042 596 2062 ,
637 2001 729 2056 vel
771 2001 808 2055 fi
839 2002 1033 2062 datur,
1076 2004 1217 2058 forte
1251 2020 1354 2057 non
1395 2006 1576 2059 omnia
1613 2005 1788 2058 licebit
1808 2003 2063 2062 invisere;

64 2086 152 2139 vel
191 2082 230 2137 fi
263 2084 444 2138 omnia
487 2081 633 2139 loca,
664 2097 767 2134 non
810 2096 991 2136 tamen
1029 2084 1209 2136 omnia
1245 2080 1498 2141 Mufiva‚
1534 2084 1659 2135 cum
1688 2086 1802 2151 jam
1840 2081 1947 2135 duo
1986 2079 2069 2133 de·

64 2162 258 2218 strusta
287 2160 384 2215 fint
405 2201 419 2221 ,
462 2174 521 2213 ut
563 2161 615 2212 in
641 2161 818 2232 prima
856 2160 1013 2213 retuli
1051 2162 1208 2214 Parte
1229 2199 1246 2224 ,
1284 2177 1472 2231 nempe
1504 2160 1734 2214 alterum
1763 2161 1810 2212 S.
1834 2160 2068 2229 Agathae

63 2242 292 2311 Majoris
328 2242 605 2295 Ravennae
628 2277 644 2298 ‚
684 2239 913 2293 alterum
936 2240 984 2293 S.
1007 2238 1238 2294 Andreae
1274 2240 1327 2292 in
1368 2239 1606 2292 „barbara
1639 2235 1726 2290 hic
1759 2238 1992 2295 Romae,
2015 2236 2072 2289 il-

66 2317 156 2373 lud
191 2320 220 2373 a
261 2320 642 2380 Terraemotu,
667 2317 801 2371 istud
833 2319 897 2374 ab
933 2317 1238 2372 hominibus
1276 2316 1388 2390 post
1424 2314 1706 2371 tresdecim
1739 2317 1951 2369 circiter
1985 2314 2073 2368 sae-

71 2397 187 2452 cula
214 2396 456 2452 dirutum
488 2438 498 2449 .
544 2396 766 2451 Posteris
803 2410 982 2452 autem
1020 2395 1320 2465 jucundum
1371 2397 1471 2449 erit
1513 2395 1684 2449 multa
1716 2432 1733 2454 ,
1764 2395 2073 2467 variaque.)

71 2471 198 2528 scitu
233 2475 397 2545 digna
431 2473 591 2545 longa
635 2492 898 2529 annorum
930 2474 1058 2528 serie
1102 2476 1342 2545 peritura
1382 2513 1399 2534 ,
1451 2491 1545 2528 nos
1588 2475 1662 2527 eis
1705 2470 2074 2528 transmififfe,

71 2553 145 2606 ita
176 2553 393 2607 colleCia
416 2592 431 2613 ,
470 2555 524 2606 &
561 2554 704 2608 nullo
741 2553 853 2608 fere
889 2555 1104 2624 negotio
1140 2551 1494 2626 dignoscenda
1518 2593 1533 2614 ‚
1576 2570 1698 2627 quae
1736 2549 1956 2623 sparfim
1988 2550 2075 2604 ali-

70 2630 286 2702 quando
307 2632 474 2686 multo
498 2650 623 2686 curn
643 2633 821 2687 labore
845 2647 1164 2706 quaeruutur
1182 2672 1197 2693 ,
1223 2632 1277 2684 δι
1298 2630 1516 2706 quaefita
1539 2632 1763 2703 reperiri
1789 2641 2075 2703 nequeunt,

71 2721 387 2782 repertaque
416 2728 516 2763 non
550 2712 922 2782 intelliguntur
943 2751 954 2763 .
996 2711 1141 2764 Hinc
1181 2708 1272 2770 fit,
1296 2710 1442 2785 quod
1479 2710 1543 2764 cle
1571 2708 1862 2781 conspicuis
1897 2705 2073 2760 hisce)

72 2785 295 2840 eruditae
313 2787 659 2860 Antiquitatis
695 2791 1044 2844 Monimentis
1077 2787 1287 2861 semper
1323 2788 1530 2862 aliquid
1564 2788 1937 2843 enarrabitur,
1981 2802 2074 2838 nec

72 2879 311 2937 unquam
331 2865 583 2925 vetustas,
621 2884 713 2922 aut
741 2868 1015 2940 posteritas
1058 2866 1410 2923 obmutescet.
1455 2866 1735 2920 Arsidebit
1766 2865 1942 2938 itaque
1975 2863 2075 2915 Le-

75 2943 189 2996 &tor
212 2981 226 3002 ‚
244 2940 335 2993 nist
360 2942 516 2997 fallor
533 2981 548 3002 ‚
583 2944 638 2997 ὅ(
658 2964 866 3000 errores
888 2945 927 2999 fi
947 2948 1041 3020 qui
1059 2945 1197 2999 forte
1222 2946 1526 3018 irrepserint
1551 2947 1602 2997 in
1621 2941 1863 3016 praesenti
1887 2981 1900 3001 ,
1926 2940 2074 2994 sicuti

74 3019 130 3072 in
149 3019 262 3072 aliis
280 3022 396 3088 jam
417 3021 569 3075 editis
600 3024 731 3077 meis
754 3026 1002 3094 operibus
1026 3023 1277 3095 irrepfiffe
1299 3022 1507 3077 summo
1534 3023 1696 3077 animi
1719 3038 1917 3090 angore
1938 3036 2077 3072 com-

78 3098 191 3167 peri
214 3135 228 3155 ‚
249 3097 392 3150 haud
414 3118 568 3159 meae,
594 3097 680 3153 sed
702 3102 1038 3170 negligentiae
1059 3101 1307 3157 Censoris
1329 3101 1745 3173 Typographiae
1766 3098 2074 3171 imputabit,

76 3175 198 3228 cum
223 3176 538 3248 multiplices
559 3217 574 3238 ,
594 3194 652 3232 ut
678 3179 858 3239 innui,
876 3197 1161 3233 munerum
1193 3197 1442 3235 meorum
1469 3198 1614 3236 curae
1650 3178 1845 3232 diutius
1883 3178 1934 3229 in
1964 3191 2076 3227 cor⁴

74 3253 388 3308 restionibus
420 3257 791 3327 prohibuerint
812 3258 1122 3313 immorari.
1971 3253 2075 3307 His
