2378 3674
656 216 1384 272 GAPVTVL
1772 234 1843 289 247

93 339 201 370 nem
236 318 422 366 denotat
438 348 451 370 ³
475 314 533 363 ad
566 314 683 361 cuius
716 311 851 377 pedes
875 311 1018 379 suntA
1035 326 1243 380 apparet,
1268 312 1331 359 ibi
1353 314 1613 377 particulam
1633 318 1922 367 Sanfflffimae

96 392 259 438 milites
288 385 482 435 custodes
514 383 749 450 sepulchri,
782 401 977 449 quorum
1007 380 1010 383 ¹
1037 380 1408 431 Crucisinsertam
1430 381 1521 429 effe.
1540 387 1645 433 Haec
1661 385 1715 433 de
1733 380 1924 435 anterio..¹

93 477 206 510 vnus
249 458 411 505 finistra
443 455 579 506 veluti
622 456 795 520 virgam
828 468 947 501 tenet
962 485 980 514 ²
1038 454 1073 499 ri
1092 454 1219 500 huius
1247 454 1402 501 Crucis
1415 451 1542 510 facie,
1557 456 1697 504 modo
1716 455 1768 504 ad
1784 456 1927 522 poste-

95 541 232 595 quam
253 529 501 592 longiorem
532 522 651 573 fuisse
669 538 779 590 puto
794 555 809 579 ‚
837 542 885 571 ac
899 527 980 572 in-.
1039 525 1163 570 rioris
1183 525 1521 590 explicationem
1538 554 1555 579 2
1587 542 1724 591 quam
1741 527 1923 579 exhibeo

94 617 184 647 eius
200 596 451 645 summitate
481 591 678 646 inbaesrffe
696 594 906 643 vexillum
923 594 979 641 ad
1043 592 1212 640 Tabula
1228 597 1348 641 XIII.
1361 592 1532 640 transeo
1547 627 1560 640 .

95 668 398 716 denotandum
418 666 662 732 trophaeum
678 696 693 719 ,
726 672 770 711 Sc
793 665 983 730 gloriam
1160 667 1212 710 In
1245 663 1394 710 medio
1431 662 1693 728 conspicitur
1730 664 1926 714 Christus

95 737 149 784 de
166 740 280 787 victo
295 739 451 785 mortis
467 737 630 791 aculeo,
648 744 691 783 &
709 749 860 800 aperto
875 739 982 800 Cre7
1039 736 1268 782 Dominus
1288 732 1429 780 noster
1445 733 1927 799 sedens,dexteramque

96 806 303 855 dentibus
318 826 454 873 regno
472 806 706 855 Coelorum
721 842 733 852 .
1040 806 1207 869 erigens
1226 807 1273 851 in
1291 808 1389 851 astu
1413 801 1699 853 benedicendi
1719 822 1732 859 3
1761 806 1808 850 in
1832 803 1930 850 sini-

169 893 208 924 2.
279 880 392 924 Huic
408 877 592 942 imagini
610 873 837 938 subijcitur
875 874 974 922 Pel·
1037 873 1117 921 stra
1151 875 1312 921 librum
1339 888 1542 939 apertum
1570 872 1702 921 habet
1718 903 1733 928 ³
1762 875 1810 920 in
1840 889 1931 938 quo

100 945 265 993 licanus
283 949 392 1002 auis,
410 946 463 994 de
474 948 592 994 cuius
610 960 764 993 natura
783 977 798 1002 ,
815 954 858 993 δε
878 962 981 1009 pro·
1039 943 1352 992 charasteribus
1384 945 1620 992 Germanis
1653 943 1742 990 haec
1773 943 1927 1007 legun-

100 1016 360 1082 prietatibus
402 1019 530 1066 variae
576 1015 672 1064 sunt
718 1017 950 1080 opiniones
967 1045 982 1068 ,
1041 1029 1125 1060 tur:
1146 1020 1347 1080 Egosum
1360 1017 1445 1063 lux
1460 1015 1682 1069 mundi,V
1684 1016 1728 1063 ia
1747 1014 1933 1068 verita&

95 1103 204 1150 quas
220 1087 436 1152 congeffit
454 1085 780 1133 Eruditiisiinus
798 1085 877 1133 Vir
895 1088 979 1131 Lo—
996 1099 1028 1137 Β
1047 1101 1111 1142 {90
1128 1088 1238 1134 Vita
1252 1123 1262 1134 .
1279 1089 1330 1130 In
1346 1085 1498 1131 Crucis
1515 1082 1767 1130 summitate
1785 1085 1932 1128 Euan—

93 1157 273 1203 rinusin
285 1155 629 1201 Commentario
645 1152 754 1199 Psal.
768 1152 980 1194 roi-vers.
1043 1154 1186 1208 gelista
1218 1159 1406 1198 Ioannes
1437 1150 1648 1216 expressus
1679 1150 1737 1199 est
1752 1182 1770 1208 ‚
1803 1150 1936 1201 cum]

95 1238 144 1284 7.
164 1223 590 1286 Siynilisfhfflusfhm
606 1216 986 1280 Pellifanosslitu-
1050 1213 1220 1278 Aquila
1239 1242 1254 1267 2
1281 1220 1326 1258 &
1342 1214 1572 1260 VOlulHinc
1585 1249 1599 1271 ‚
1618 1223 1665 1260 in
1678 1238 1769 1279 quo
1786 1219 1937 1268 finfili-

94 1285 210 1343 'dinis
228 1321 240 1335 .
258 1292 314 1338 In
330 1290 397 1336 his
412 1283 644 1334 referendis
664 1285 885 1330 calamum
905 1281 990 1328 sus-
1051 1283 1131 1329 bus
1149 1279 1465 1328 characteribus
1481 1281 1699 1330 delineata
1715 1284 1805 1331 haec
1822 1286 1938 1337 sunt:

104 1357 260 1427 pendo
275 1390 292 1414 2
307 1353 592 1403 solummodo
603 1352 826 1404 indicans,
843 1355 990 1397 Patres
1051 1358 1115 1402 In
1125 1353 1338 1423 principio
1356 1366 1447 1401 erat
1462 1390 1473 1400 .
1490 1352 1565 1398 Ad
1583 1354 1818 1401 Saluatoris
1836 1347 1940 1405 dexss

97 1446 179 1494 per
211 1424 466 1471 huiusmodi
497 1441 626 1468 auem
655 1417 835 1470 voluisse
853 1420 985 1467 Chri-

97 1497 212 1544 stum
228 1489 498 1539 Crucifixum
516 1490 759 1555 exprimere
776 1520 789 1544 ,
807 1491 882 1554 qui
901 1507 983 1537 nos

99 1564 178 1614 suo
205 1560 413 1628 sanguine
429 1560 640 1608 redimere
658 1591 673 1616 ,
699 1577 755 1617 gc
782 1558 941 1608 deinde
958 1560 983 1606 ἃ

97 1628 291 1685 'mortuis
303 1630 508 1698 dignatus
539 1629 597 1677 est
610 1647 813 1677 reuocare
837 1663 849 1675 .

173 1718 216 1762 3.
233 1703 388 1767 Figura
403 1701 492 1747 haec
506 1702 551 1746 in
571 1702 723 1747 Crucis
742 1713 862 1764 parte
881 1699 983 1748 dex-

100 1775 192 1822 'tera
211 1766 515 1818 Beatiffimam
542 1771 772 1834 Virginem
790 1772 984 1816 Mariam

1051 1436 1192 1468 teram
1206 1426 1247 1469 S.
1266 1428 1419 1476 Lucas,
1435 1423 1555 1470 iuxta
1573 1442 1709 1488 quem
1723 1425 1937 1473 volumen

1044 1492 1100 1540 est
1119 1511 1220 1540 cum
1237 1492 1317 1539 hac
1336 1493 1589 1559 epigraphe.
1606 1496 1715 1545 Fuit
1730 1497 1776 1544 in
1791 1497 1939 1548 diebus

1046 1568 1097 1612 H
1100 1564 1233 1612 erodis
1248 1598 1259 1608 .
1278 1564 1352 1612 Ad
1371 1563 1584 1612 finistram
1601 1563 1683 1612 stat
1701 1568 1742 1611 S.
1759 1569 1938 1614 Marcus

1044 1633 1201 1680 itidem
1235 1652 1336 1681 cum
1359 1634 1590 1682 volumine
1609 1666 1624 1691 ,
1654 1636 1776 1682 cuius
1803 1636 1938 1683 literae

1043 1701 1153 1747 adeo
1173 1701 1419 1768 deprauatae
1437 1700 1534 1748 sunt
1548 1732 1564 1756 ‚
1584 1715 1631 1750 vt
1644 1702 1732 1766 legi
1748 1703 1938 1753 minime

1045 1772 1240 1836 possint.
1275 1776 1328 1818 In
1361 1775 1480 1817 cuius
1501 1773 1615 1818 calce
1643 1770 1724 1817 stat
1758 1777 1798 1821 S.
1813 1776 1939 1831 Mat-b

104 1846 224 1892 iuxta
253 1844 444 1887 Crucem
471 1838 656 1884 stantem
673 1870 687 1891 ,
735 1854 784 1882 ac
813 1837 1025 1897 filium-‚C
1044 1841 1179 1887 thaeus
1197 1873 1210 1894 ,
1227 1845 1302 1906 qui
1324 1842 1533 1888 volumen
1551 1858 1635 1905 prae
1652 1841 1857 1889 manibus
1874 1858 1938 1891 te·-

105 1911 231 1961 suum
247 1909 553 1974 Vnigenitum,
576 1908 706 1956 Cruci
722 1903 902 1954 affixum
918 1907 982 1955 as-

104 1982 370 2048 picientem,
398 1977 614 2035 ostendit3
644 1977 761 2044 pone
796 1994 893 2024 eam
926 1978 984 2026 est

104 2052 187 2098 alia
219 2051 362 2097 Maria
380 2082 392 2094 .

1041 1924 1116 1959 net
1129 1944 1140 1955 .
1173 1911 1255 1959 Sed
1275 1910 1384 1977 quid
1402 1911 1449 1958 in
1476 1929 1529 1958 eo
1546 1913 1837 1969 contineatur,
1853 1911 1940 1968 dif-⁴

1048 1981 1158 2029 ficile
1174 1986 1286 2029 lechi
1303 1983 1362 2030 est
1379 2016 1390 2027 .

1139 2046 1260 2099 'Haec
1272 2051 1372 2100 sunt
1385 2084 1400 2108 2
1415 2071 1510 2118 quae
1525 2052 1580 2101 de
1595 2051 1842 2102 veneranda
1859 2063 1940 2099 an4

172 2133 218 2178 4.
249 2122 302 2165 In
318 2118 478 2166 sinistra
502 2116 699 2164 existimo
717 2117 995 2184 Discipulum
1056 2123 1260 2185 tiquitate
1275 2122 1501 2170 obseruaui
1523 2156 1535 2167 .
1565 2122 1713 2170 Modo
1729 2122 1785 2170 ad
1816 2121 1939 2169 aliud

112 2190 308 2236 Domini
337 2192 376 2236 S.
402 2192 616 2236 Ioannem
641 2188 990 2255 Euangelistam„

108 2257 429 2324 repraesentari,
462 2260 537 2323 qui
554 2259 670 2304 iuxta
699 2263 889 2304 Crucem
907 2258 988 2303 sta-

107 2327 199 2383 bat,
217 2346 265 2375 ac
280 2330 397 2376 iuxta
413 2347 514 2377 eum
533 2328 622 2376 duo
635 2325 734 2374 sunt
757 2329 855 2383 viri,
873 2345 988 2392 quo—

109 2415 207 2444 rum
222 2416 333 2446 vnus
355 2402 482 2448 ivl-iles
497 2431 513 2455 ,
546 2413 592 2447 vt
607 2416 657 2444 ex
673 2396 793 2446 scuto
813 2429 828 2453 ,
858 2395 985 2463 quod

112 2466 270 2516 finistrai
294 2468 496 2534 stringit,
525 2468 681 2516 inferre
708 2467 982 2516 rationabili-

117 2548 182 2582 ter
211 2538 453 2600 postumus->

191 2619 232 2662 5·
298 2609 351 2656 In
369 2624 489 2674 parte
519 2613 670 2658 Crucis
702 2626 896 2659 extrema
923 2614 984 2658 D.

113 2671 280 2722 N.Iesu
296 2677 449 2726 Christi
463 2684 657 2746 corporis
673 2684 720 2728 in
738 2681 985 2749 sepulcrum

116 2742 331 2808 depositio
347 2747 454 2797 clare
470 2749 802 2809 demonstratur3
815 2751 915 2800 ideo
930 2751 985 2799 ad

115 2813 195 2860 alia
207 2829 410 2879 propero.
422 2818 504 2864 Sub
517 2819 602 2867 istis
617 2820 764 2887 figuris
777 2823 834 2871 est
853 2825 980 2871 lami-

118 2900 174 2929 na
190 2898 390 2947 argentea
406 2891 648 2937 recentioris
662 2895 741 2939 aeui
758 2925 773 2950 ‚
792 2908 841 2942 vt
859 2913 909 2941 ex
924 2895 987 2943 af-

119 2949 275 3004 fixione
289 2951 482 3019 dignosci
499 2959 653 3022 potest3
666 2963 712 3006 in
728 2980 776 3008 ea
791 2980 989 3012 nomem,

118 3020 307 3088 Artificis
323 3025 608 3076 restauratoris
624 3061 638 3085 ,
655 3043 703 3078 vt
716 3048 852 3096 nuper
869 3032 989 3089 dixi,

121 3092 329 3140 coelatum
343 3094 425 3141 est:
451 3097 498 3142 in
516 3094 639 3146 huius
655 3099 827 3148 laminae
848 3102 990 3152 limbo

122 3161 210 3210 haec
245 3163 447 3229 leguntur
466 3184 477 3212 :
501 3171 572 3216 De
599 3168 723 3234 ligno
752 3173 908 3219 Crucis
928 3176 988 3220 D.

111 3237 186 3282 N.
202 3234 294 3284 Iesu
311 3235 468 3288 Christi
485 3255 498 3295 3
515 3256 566 3286 ex
587 3239 744 3304 quibus
761 3241 992 3291 clarissime

988 2650 1032 2692 D

1054 2194 1208 2238 Crucis
1255 2194 1475 2258 exemplar
1517 2190 1940 2240 demonstrandum

1048 2261 1307 2325 progredior
1335 2266 1382 2309 in
1432 2263 1543 2313 Tab.
1576 2266 1701 2312 XIV.
1743 2261 1939 2325 expressa:

1051 2328 1127 2377 sub
1145 2345 1268 2376 num.
1287 2333 1320 2379 Ι.

1132 2403 1252 2447 Crux
1270 2400 1348 2462 hec
1363 2400 1409 2445 in
1424 2396 1591 2465 inclyta
1604 2397 1821 2462 Rauenne
1836 2402 1936 2450 Me„

1046 2471 1316 2536 tropolitana
1334 2468 1516 2517 Ecclefia
1530 2464 1939 2537 obseruatur,quam

1046 2542 1100 2588 ab
1117 2539 1464 2607 Archiepiscopo
1476 2543 1516 2588 S.
1531 2542 1827 2608 Agnello,qui
1840 2541 1936 2608 post

1046 2612 1245 2659 medium
1261 2611 1364 2660 sexti
1383 2610 1521 2658 saeculi
1537 2611 1685 2659 floruit
1702 2643 1717 2667 ,
1737 2611 1932 2674 construf

1046 2687 1160 2731 ctam
1177 2680 1295 2731 fuiffe
1312 2682 1431 2731 fama
1448 2682 1586 2731 defert
1605 2699 1618 2729 ε
1636 2682 1724 2730 haec
1742 2698 1836 2730 tam
1860 2680 1940 2728 iil-‚¹

1044 2753 1277 2802 altitudine
1290 2785 1305 2811 ,
1320 2753 1458 2820 quam
1475 2753 1523 2799 in
1538 2751 1771 2800 latitudine
1791 2750 1845 2798 ad
1865 2749 1933 2798 sex

1044 2827 1218 2891 palmos
1233 2823 1275 2872 se
1291 2822 1487 2873 extendit
1502 2840 1516 2878 3
1536 2822 1832 2887 quadraginta
1857 2836 1928 2866 ar-

1046 2897 1214 2961 genteis
1242 2895 1446 2943 orbiculis
1476 2893 1773 2958 anaglyphico
1790 2909 1818 2937 o
1829 2906 1932 2956 pere

1048 2966 1278 3012 elaboratis
1295 2979 1474 3011 ornatur
1488 2992 1504 3017 ,
1518 2964 1564 3008 in
1580 2979 1771 3025 quorum
1788 2960 1933 3023 fingu-

1047 3035 1098 3083 lis
1124 3049 1254 3098 caput
1274 3036 1365 3087 Viri
1391 3030 1693 3078 diadematum
1710 3060 1725 3085 ,
1759 3031 1934 3094 pectore

1045 3119 1169 3151 tenus
1184 3135 1200 3158 ,
1226 3100 1464 3169 expreffum
1478 3099 1537 3147 est
1551 3132 1566 3157 ,
1583 3109 1626 3146 δε
1640 3100 1686 3145 ni
1705 3099 1836 3146 fallor
1855 3114 1930 3162 per

1046 3174 1147 3220 istos
1180 3176 1307 3221 Viros
1335 3176 1616 3220 Rauennates
1636 3166 1928 3215 demonstrari

1055 3242 1292 3312 Episcopos
1307 3256 1415 3310 puto
1429 3273 1445 3299 ,
1470 3241 1685 3308 quoniam
1704 3237 1841 3306 pallio
1860 3238 1930 3283 in-

1736 3307 1870 3373 signi-2
