2378 3674
239 254 304 301 76
650 229 1902 286 DESACRISAEDIFICIIS

234 312 427 367 serreiS,
449 311 499 358 ὃς
534 307 764 356 deauratis
801 302 1025 351 cancellis
1061 301 1218 348 muni·
1348 319 1365 346 1
1385 318 1457 360 17.
1497 301 1611 347 Non
1642 303 1780 370 longe
1809 305 1865 352 ab
1901 303 2067 354 eadem
2097 304 2255 353 aberat

237 398 434 437 tum,ac
453 372 853 440 circumseptum>³
881 378 1011 434 cujus
1028 373 1074 418 in
1088 368 1214 421 sum-
1267 369 1407 419 Pinea
1426 388 1625 438 magnus
1660 388 1719 418 ex
1753 390 1839 421 aere
1863 376 2125 423 Cantharus
2143 412 2159 432 ,
2198 373 2252 422 fi-

237 453 404 499 mitate
423 444 631 516 praefatus
652 442 922 493 Crucifixus
941 459 1092 493 aeneus
1107 459 1216 508 qua·
1268 458 1329 488 ve
1348 437 1532 488 labrum
1552 442 1832 490 deauratum
1854 480 1869 501 ‚
1907 445 2032 509 quod
2051 463 2133 494 nos
2152 442 2257 492 fon-

240 537 348 569 tuor
369 519 512 566 clavis
531 512 697 561 affixus
722 511 901 580 pofitus
934 525 1067 573 erat‘3
1094 530 1218 560 nunc
1273 523 1375 560 tem
1399 528 1581 561 aeneum
1601 511 1867 561 diceremus
1885 547 1899 568 ,
1926 515 1972 560 in
1987 521 2115 578 cujus
2135 516 2259 563 sum-

241 604 399 638 autem
418 589 464 634 in
483 582 687 631 Bafilicae
710 585 920 634 Sacrario
947 579 1219 632 asservatur.
1274 583 1494 631 mitatem
1511 600 1592 649 per
1609 583 1790 648 aliquot
1806 581 2144 634 ascendebatur
2161 603 2259 653 gra-

242 663 398 720 Hujus
420 653 606 705 Ciborii
623 655 869 722 exemplar
881 652 1081 705 habesin
1098 651 1220 701 Tab.
1275 651 1386 708 dus,
1401 664 1454 702 ut
1472 651 1671 720 publicae
1692 653 2056 722 Peregrinorum
2081 655 2139 702 ad
2173 660 2257 703 Ba-

244 730 384 781 XXI.
416 726 558 773 lit.C.
581 726 641 772 D.
663 724 757 772 Lit.
777 726 828 773 E.
847 723 1040 775 denotat
1058 719 1221 790 praefa-
1273 718 1454 769 silicam
1497 722 1847 771 confluentium
1887 723 2218 772 commoditati
2243 760 2259 781 ,

240 813 344 846 tum
365 791 866 844 Crucifixumvaeneum
882 833 894 845 .
1276 809 1328 838 ac
1349 788 1451 839 usui
1474 787 1584 844 effet
1603 829 1612 840 .
1632 791 1818 846 Verum
1835 796 1882 841 in
1904 794 2038 856 hujus
2056 794 2261 843 Cantha-

1276 862 1348 917 ri,
1374 859 1668 929 praefataeque
1709 864 1858 912 Pineae
1884 862 2228 931 description&
2247 899 2263 920 ,

1275 947 1335 980 ex
1361 933 1506 979 variis
1535 934 1807 985 Austorum
1858 932 2098 982 sententiis
2124 970 2142 992 ,
2177 933 2262 981 du·

1274 999 1409 1050 bium
1442 1002 1611 1066 incidit
1636 1040 1652 1061 ‚
1678 1022 1796 1052 unus
1823 1023 1880 1053 ne
1912 1003 2129 1061 tantum,
2167 1022 2263 1051 am,

1279 1069 1374 1120 duo
1390 1068 1544 1120 fontes
1575 1075 1622 1122 in
1648 1076 1792 1122 Atrio
1820 1075 1963 1123 locati
1985 1070 2142 1122 essent.
2160 1075 2259 1121 Pri-

1280 1139 1361 1188 mo
1388 1142 1519 1193 enim
1557 1146 1822 1193 Canonicus
1852 1147 2127 1201 Romanus,
2165 1141 2264 1191 five

1282 1212 1445 1261 Petrus
1472 1214 1671 1261 Mallius
1685 1250 1701 1273 ,
1717 1215 1798 1280 qui
1824 1228 2037 1281 tempore
2056 1215 2265 1273 Alexan-

1283 1282 1357 1331 dri
1375 1285 1470 1331 III.
1491 1285 1643 1341 vixit,
1667 1285 1713 1330 in
1736 1283 1814 1332 sua
1834 1286 2074 1335 Vaticana?
2100 1282 2263 1330 Basili-

451 934 862 986 SECTIO
947 938 1010 985 X.

241 1044 308 1093 De
323 1039 566 1108 Sepulchris
577 1074 592 1095 ,
607 1040 662 1087 (7
676 1042 779 1089 aliis
797 1041 945 1090 multis
959 1075 974 1096 ,
1000 1058 1083 1107 que
1100 1058 1219 1091 erant

380 1116 430 1160 in
455 1108 798 1182 Quadriporticu
815 1147 832 1168 ,
865 1115 921 1160 &⁴
949 1110 1085 1160 Atrio

487 1179 681 1246 Bcvzfilieae
696 1217 712 1238 ‚
739 1187 850 1231 utin
867 1180 981 1233 Tab.

558 1249 881 1320 Ichnographica
904 1288 915 1298 .

455 1358 504 1403 N
522 1356 627 1402 atrii
645 1370 806 1404 centro
825 1353 907 1403 sub
927 1355 1008 1405 dio
1027 1352 1110 1402 fita
1128 1369 1230 1404 erat

475 1443 598 1473 aenea
629 1423 943 1474 vetustissima
971 1427 1109 1474 Pinea
1149 1425 1229 1474 de-

243 1508 403 1543 aurata
418 1530 433 1552 ,
458 1495 721 1544 altitudinis
738 1497 1012 1563 quindecim
1025 1531 1041 1553 ,
1053 1497 1103 1546 &
1119 1496 1227 1543 lati-

244 1565 419 1614 tudinis
452 1563 632 1633 septem
650 1567 920 1633 palmorum
950 1585 1061 1617 cum
1080 1566 1226 1614 dimi-

243 1638 341 1694 dio,
363 1634 533 1684 additis
550 1637 658 1683 hinc
677 1638 784 1686 inde
802 1636 985 1687 duobus
1004 1638 1228 1694 aeneis‚&

243 1705 472 1755 deauratis
487 1705 786 1765 Pavonibus,
809 1726 861 1759 ac
879 1722 1085 1774 quatuor
1111 1709 1227 1756 Del-

242 1776 395 1844 phinis
424 1778 599 1844 par-iter
620 1777 853 1826 deauratis
881 1814 898 1837 2
924 1796 1094 1845 aquam
1120 1777 1227 1826 fun-

250 1366 359 1406 116.

1284 1370 1345 1399 cae
1365 1349 1681 1422 descriptione
1710 1353 1771 1402 fic
1791 1350 1916 1402 fatur
1936 1375 1947 1403 :
1981 1354 2040 1403 In
2058 1354 2267 1421 Paradzfi

1281 1422 1328 1471 S·
1348 1423 1473 1473 Petri
1504 1426 1572 1474 ef?
1593 1427 1888 1482 Cantharam,
1925 1427 2036 1492 quod
2045 1423 2162 1491 fecit
2176 1427 2264 1491 fie-

1280 1498 1323 1541 ri
1348 1493 1623 1561 Symmachus
1651 1497 1772 1560 Papa
1803 1498 2004 1545 columnis
2029 1497 2265 1560 porphyre-

1280 1567 1380 1613 ticis
1406 1582 1600 1615 ornatum
1633 1602 1645 1611 .
1684 1566 1798 1641 Qae
1830 1572 2033 1615 nimirum
2075 1568 2268 1613 columnae

1281 1635 1440 1686 tabulis
1478 1641 1728 1685 marmoreis
1753 1655 1845 1685 cum
1868 1635 2148 1705 gryphonibns
2179 1653 2269 1681 con-

1281 1725 1398 1755 nexae
1428 1743 1444 1764 ,
1470 1708 1655 1775 pretiosi>
1680 1710 1773 1756 coelo
1804 1725 1908 1756 aeneo
1925 1722 2139 1773 cooperta,
2173 1723 2269 1752 eum

1269 1775 1469 1843 floribus
1496 1813 1512 1833 ,
1543 1780 1598 1825 ἐφ
1623 1777 1855 1842 Delphinis
1889 1779 2107 1827 deauratis
2142 1791 2269 1842 aquas

242 1844 480 1903 dentibus,
496 1848 604 1896 οὲὶο
624 1849 977 1917 porphyreticis
995 1850 1229 1896 columnis
1269 1843 1588 1912 findentibus.
1619 1844 1647 1894 Ι
1651 1866 1678 1893 n
1712 1849 1846 1897 medio
1865 1855 1970 1898 verb
2001 1849 2127 1913 hujus
2154 1848 2191 1896 C
2195 1863 2269 1892 an-

242 1918 610 1973 circumlocatis,
625 1935 725 1984 quae
752 1919 934 1968 testum
952 1935 1133 1966 aeneum
1160 1916 1230 1966 su-

244 1983 473 2034 stinebant
487 2022 502 2044 ,
536 2004 628 2052 quo
662 1987 803 2037 Pinea
833 1986 1197 2055 cooperiebatur
1215 2026 1225 2037 .

243 2055 477 2123 Epistylia
492 2091 508 2113 ,
526 2074 624 2121 quae
641 2059 874 2108 columnis
895 2057 1228 2118 imminebant,

244 2126 418 2174 Palmis
432 2161 448 2183 ‚
462 2126 694 2176 Crucibus
713 2163 730 2184 ,
757 2131 808 2179 &
824 2131 974 2195 Agnis
1002 2127 1225 2187 Mufivis,

243 2196 526 2263 Zophorum
558 2211 838 2248 exornatum
874 2197 1110 2249 habebant
1125 2236 1141 2257 ,
1180 2201 1229 2248 in

243 2283 337 2331 quo
358 2263 548 2333 sequens
570 2285 751 2317 aeneum
774 2268 960 2338 signum
974 2271 1226 2339 peculiari-

244 2350 316 2384 ter
332 2334 572 2383 visebatur
587 2373 602 2394 ,
627 2343 692 2389 X.
712 2344 768 2388 In
788 2341 939 2389 Pineae
955 2342 1226 2390 extremita-

1280 1917 1400 1966 thari
1424 1919 1492 1967 eff
1512 1918 1650 1967 Pinea
1689 1935 1823 1977 aenea,
1844 1939 1927 1988 quae
1942 1917 2042 1986 fuit
2066 1930 2269 1980 cooperto-

1280 1991 1394 2035 rium
1425 1986 1666 2053 cum-finino
1687 2007 1791 2038 aeneo
1811 2024 1826 2045 ,
1855 1995 1908 2038 Θ
1935 1991 2129 2038 deaurato
2139 1988 2271 2054 super

1279 2056 1474 2108 Statuam
1501 2060 1540 2109 C
1543 2057 1672 2107 ibeles
1699 2058 1873 2109 Matris
1899 2060 2088 2109 Deorum
2119 2062 2168 2106 in
2190 2054 2266 2122 sa-

1279 2135 1445 2179 rumine
1464 2129 1682 2179 Pantheon
1700 2165 1711 2174 .
1740 2127 1800 2176 In
1814 2146 1894 2196 qua
1910 2164 1925 2185 ,
1943 2130 2157 2179 videlicet
2186 2126 2270 2175 Pi·-

1280 2215 1380 2258 nea,
1395 2198 1676 2267 fhbcerranea
1698 2199 1864 2266 fistula
1883 2199 2083 2262 plumbea
2096 2195 2268 2265 fitbmi-

1280 2270 1503 2321 niffmbac
1532 2285 1681 2338 aquam
1711 2287 1766 2317 ex
1782 2267 1934 2335 firma
1953 2268 2238 2319 Sabbatina,
2254 2301 2270 2324 ‚

1278 2359 1362 2406 quae
1397 2357 1483 2388 coto
1521 2353 1703 2404 tempore
1735 2340 1867 2403 plena
1895 2339 2112 2404 praebebat
2143 2353 2272 2404 aquas

246 2418 292 2453 te
326 2403 555 2470 insculpta
583 2407 917 2473 prominebant
947 2410 1043 2458 haec
1078 2409 1226 2458 verba
1268 2425 1348 2476 per
1360 2408 1587 2476 stramina
1634 2427 1783 2457 nucum
1829 2409 2021 2458 omnibus
2066 2410 2270 2476 indigen-

244 2476 297 2525 P·
313 2477 487 2525 Cincius
515 2475 567 2524 P·
590 2475 644 2524 L.
661 2478 846 2528 Salvius
860 2477 1223 2545 fecit,scilicet:
1277 2479 1392 2529 tibus
1419 2495 1465 2526 ea
1494 2500 1508 2538 3
1537 2485 1592 2528 (J
1606 2493 1687 2544 per
1709 2478 2037 2545 fitbterraneam
2062 2479 2271 2547 fistulam

244 2544 421 2595 Publius
448 2547 624 2596 Cincius
643 2547 795 2598 Publii
817 2549 1020 2603 Libertus
1036 2551 1226 2600 Salvius
1279 2549 1461 2617 quaedam
1486 2562 1589 2614 pars
1612 2546 1789 2616 fluebat
1829 2551 1890 2598 ad
1933 2553 2145 2603 Balneum
2184 2546 2211 2596 I
2215 2566 2270 2594 m-

234 2615 1078 2683 ftcituDuaeetiamadetantliterae,
1103 2617 1224 2666 scili-
1272 2624 1483 2685 peratoris
1508 2624 1650 2684 juxta
1695 2619 1865 2687 Agulea
1907 2656 1917 2667 .
1972 2621 2273 2688 Alpharanus

249 2699 322 2733 cet
340 2687 399 2732 A.
423 2686 550 2734 &Q
568 2686 760 2736 Pineam
776 2690 907 2745 hanc,
924 2686 1059 2737 sicuti
1079 2689 1229 2736 etiam
1283 2690 1400 2739 vero
1434 2690 1661 2757 praeteriti
1699 2688 1854 2738 saeculi
1893 2692 2103 2758 scriptor
2131 2725 2148 2746 2
2185 2687 2271 2735 sle—³

250 2758 457 2803 Pavones
492 2791 507 2812 ‚
536 2756 585 2805 &
614 2758 876 2825 Delphinos
909 2760 955 2804 in
975 2757 1228 2808 Hadrianae
1285 2759 1455 2809 eodem
1481 2759 1721 2808 Cantharo
1738 2795 1754 2817 ,
1788 2774 1956 2826 praeter
1981 2757 2187 2827 superius
2209 2774 2275 2804 re-

249 2826 387 2873 molis
405 2822 676 2875 summitate
704 2830 824 2876 olIm
844 2823 1004 2886 fuisse,
1025 2827 1234 2876 scribunt
1291 2832 1385 2879 lata
1411 2827 1572 2877 scribit
1591 2866 1606 2886 ‚
1639 2846 1809 2896 aquam
1837 2848 1894 2879 ex
1927 2829 2078 2878 forma
2103 2826 2270 2876 Sabba-

251 2895 528 2952 Marlia11u5‚
550 2897 886 2957 Panvinius,&
906 2900 984 2945 alii
1008 2900 1237 2965 Antiqua·
1293 2901 1390 2947 tina
1416 2917 1497 2968 per
1521 2897 1846 2948 subterraneos
1886 2898 2153 2968 scyphones
2173 2933 2189 2953 ,
2221 2897 2272 2945 ὃς

250 2967 324 3013 rii.
341 2963 503 3013 Hodie
520 2966 689 3016 eadem
706 2970 848 3019 Pinea
864 3005 879 3026 ‚
897 2969 946 3019 &
962 2969 1172 3018 Pavones
1194 2970 1240 3017 in
1295 2970 1539 3038 plumbeas
1569 2967 1738 3018 fistulas
1766 2971 1811 3016 in
1843 2988 1955 3018 eum
1986 2972 2271 3020 corrivatam

252 3033 502 3083 Pontificio
520 3036 749 3088 viridario
777 3039 1026 3089 visuntur.
1056 3041 1104 3088 Si
1123 3041 1237 3089 vero
1291 3036 1452 3098 fuiffc,
1483 3058 1582 3106 quae
1611 3039 1765 3106 postea
1790 3058 1849 3089 ex
1881 3042 2018 3089 Pinea
2049 3054 2169 3085 aenea
2189 3053 2271 3101 per

255 3105 403 3153 Pineae
433 3103 645 3168 ejusdem
678 3126 790 3157 cum
828 3111 955 3158 illius
994 3108 1236 3159 ornatibus
1288 3108 1520 3159 foramina
1550 3126 1729 3158 nucum
1767 3109 2005 3160 defluebat
2027 3141 2040 3152 .
2078 3108 2270 3171 Qare„

256 3177 496 3239 exemplar
513 3173 775 3237 desideres,
802 3180 1057 3248 exponitur
1081 3180 1169 3230 hoc
1187 3183 1233 3228 in
1288 3178 1444 3231 sensus
1491 3180 1625 3241 hujus
1654 3181 1902 3248 Scriptoris
1931 3174 2017 3225 effe
2047 3177 2268 3231 videtur,

258 3240 476 3293 Tab.IX.
497 3246 644 3314 lit.Q
1288 3251 1417 3319 quod
1435 3250 1696 3300 Cantharus
1717 3251 1766 3298 in
1782 3246 1972 3297 sublimi
2006 3247 2111 3296 loco
2146 3242 2269 3315 posi-

2197 3327 2271 3361 ωδ

2340 175 2352 179 1
