2378 3674
711 252 1213 307 CAPUT
1325 256 1513 310 LIX.

256 388 627 443 CAPUT
699 390 852 444 LIX.

136 525 207 576 De
232 524 544 594 Ichnographia
560 528 733 596 Templi
751 531 798 581 S.
810 531 973 601 Sophiae

349 599 386 648 C
389 600 762 668 onHantinopolis.

206 733 507 801 Escripfimus
538 734 672 804 supr&
695 744 848 809 capite
880 759 958 803 25.
981 745 1045 789 in-

238 804 427 869 clytum
473 807 1045 880 Constantinopolitanum

71 870 336 936 Templum
372 875 415 919 S.
452 876 633 942 Sophiae
654 898 677 926 a
707 884 886 950 Magno
916 886 1042 932 Con-

72 937 275 988 stantino
300 941 616 994 construetum
633 983 649 1005 ,
667 950 715 999 ὃς
743 951 1045 1018 postmodum

69 1025 96 1053 a
113 1009 422 1060 Constantino
440 1019 537 1076 ejus
554 1015 651 1065 filio
669 1021 715 1066 in
733 1037 957 1089 eam,quae
971 1023 1047 1069 ho-

73 1080 150 1126 die
181 1078 346 1127 vifitur
367 1117 383 1139 ,
411 1079 612 1132 formam
633 1122 649 1143 ,
681 1090 1012 1140 reaedificatum
1033 1131 1048 1153 ,

71 1144 170 1195 five
190 1149 455 1199 redactum.
480 1156 635 1217 Hujus
656 1158 849 1209 celebris
864 1161 1046 1214 aedificii

72 1217 365 1267 Clariffimus
381 1222 470 1268 Vir
489 1226 566 1271 Du
585 1228 743 1294 Cange
762 1231 808 1276 in
826 1228 905 1278 sua
926 1236 1049 1282 Con-

72 1283 372 1355 stantinopoli
406 1292 664 1343 Christiana
704 1302 942 1367 exemplar
978 1320 1047 1353 re·

72 1350 196 1414 fert,
221 1356 421 1424 cumque
454 1363 581 1411 aliud
620 1363 770 1415 fimile
805 1375 1047 1438 exemplar

73 1426 208 1475 nobis
238 1434 662 1482 communicaverit
690 1439 750 1484 D.
771 1437 929 1488 Abbas
960 1443 1050 1490 Lu-

77 1496 274 1545 dovicus
291 1500 503 1566 Sergardi
522 1538 538 1559 ,
560 1504 866 1555 humanarum
895 1512 1048 1559 litera-

74 1569 180 1613 rum
198 1567 353 1614 cultor
369 1572 595 1629 eximius,
628 1576 804 1641 hocque
821 1580 866 1625 in
890 1584 1049 1629 multis

74 1634 349 1693 accuratius,
364 1642 502 1702 qudm
521 1661 544 1688 a
570 1645 646 1691 Du
669 1648 826 1712 Cange
842 1647 1047 1699 delinea-

77 1719 179 1752 tum
210 1705 629 1773 deprehenderim,
657 1715 769 1762 duxi
803 1734 1049 1786 propterea

75 1773 204 1821 idem
230 1774 406 1842 publici
430 1781 542 1840 juris
573 1779 1047 1841 facere,uteruditus

76 1843 248 1892 Lector
265 1847 407 1910 genio
427 1846 507 1895 suo
528 1855 674 1919 magis
708 1854 950 1925 indulgere
971 1877 1050 1906 va-

77 1914 199 1962 lecit.
232 1914 416 1963 Tabula
447 1919 832 1985 igiturXXXV.
865 1928 947 1975 hoc
971 1929 1049 1977 de-

78 1985 302 2030 monstrat
331 1991 600 2055 exemplar,
627 1990 706 2040 ubi
734 2012 848 2041 crux
882 2014 1049 2065 magna

79 2054 276 2120 Templi
297 2055 622 2108 meditullium
649 2060 884 2130 designat,
915 2064 1050 2134 super

79 2119 206 2188 quod
225 2140 417 2191 magnus
435 2130 655 2178 imminet
678 2133 856 2182 Tholus
871 2171 886 2192 ,
921 2143 1050 2198 cujus

79 2195 309 2240 diameter
343 2195 400 2242 ad
430 2198 693 2247 octodecim
709 2205 830 2271 toises
849 2207 1052 2254 Gallicas

79 2264 334 2330 porrigitur
369 2292 379 2310 .·
417 2265 543 2336 Toise
573 2284 730 2319 autem
765 2275 951 2323 Gallica
989 2275 1053 2324 est

82 2331 295 2378 mensura
317 2336 491 2398 pedum
514 2337 589 2385 sex
611 2376 620 2386 .

154 2402 202 2447 A
272 2401 462 2453 Scilicet
494 2408 547 2461 »Β
577 2410 737 2467 locus,
756 2411 834 2458 ubi
861 2415 1057 2479 antiqui-

85 2468 157 2517 tus
172 2471 269 2516 Ara
286 2469 386 2518 erat
402 2508 413 2519 .

155 2540 192 2585 B
265 2538 415 2589 Locus
432 2577 448 2599 ,
478 2545 523 2590 in
542 2564 633 2611 quo
663 2550 830 2598 Turcae
848 2568 1052 2603 eorum-³

82 2606 202 2655 falsae
223 2607 335 2675 legis
347 2612 561 2661 codicem
577 2651 592 2672 ,
614 2619 905 2669 Alcoranum
921 2623 1060 2674 deno·

85 2680 317 2725 minatum
329 2713 345 2735 ,
361 2698 537 2730 necnon
554 2701 716 2734 eorum
732 2684 829 2735 falfi
850 2690 1050 2761 Prophe-

86 2762 142 2795 tae
162 2748 333 2794 tumuli
352 2752 597 2801 culcitram
616 2755 885 2806 custodiunt
902 2795 913 2806 .

157 2821 198 2865 C
237 2818 403 2876 Locus,
424 2822 470 2867 in
489 2840 581 2887 quo
601 2824 1051 2900 TurcarumMuph-

86 2888 151 2943 ti,
182 2904 349 2954 nempe
377 2891 632 2940 eorundem
663 2897 842 2961 primus
865 2918 889 2946 a
921 2900 1055 2954 saeris

86 2954 313 3004 faciundis
327 2993 342 3014 ,
359 2956 622 3010 solennibus
637 2963 799 3013 diebus
814 2966 928 3019 falso
942 2971 1053 3021 Pro-

87 3028 234 3095 phetae
254 3029 519 3078 Mahometi
537 3050 693 3099 preces
709 3033 880 3085 fundit.

159 3112 201 3158 ς)
263 3100 446 3165 Janua,
473 3118 709 3167 perquam
745 3104 1051 3159 Turcarum„

85 3165 289 3232 Magnus
309 3170 537 3217 Dominus
556 3171 816 3241 Templum
838 3193 1050 3229 oraturus

85 3234 362 3301 ingreditur.

158 3304 260 3355 Par,
273 3303 359 3355 ΙΙΙ.

1976 284 1995 315 1
2007 272 2032 318 8
2041 272 2073 330 ς’

1184 327 1231 370 O
1305 328 1457 378 Locus
1476 365 1494 388 ,
1515 331 1563 377 in
1590 346 1685 396 quo
1710 331 1838 381 idem
1872 335 2075 404 Magnus

1097 398 1328 445 Dominus
1349 401 1395 445 in
1408 402 1619 448 oratione
1637 399 1680 448 se
1696 397 1823 450 fistit.

1165 469 1213 515 D
1284 468 1441 516 Litera
1459 470 1553 517 haec
1570 484 1768 535 quatuor
1786 489 1975 540 magnas
1984 493 2067 543 pa-

1094 534 1279 584 rastatas
1304 536 1529 596 denotat,
1545 556 1644 604 quae
1669 541 1881 591 Tholum
1905 540 2071 593 susten-

1096 618 1196 655 tant
1214 640 1226 651 .

1162 676 1193 724 d
1263 680 1481 743 Qiatuor
1496 680 1697 727 minores
1710 681 1880 748 parasta
1888 696 1959 739 tae,
1971 702 2070 750 quae

1097 743 1175 795 sex
1193 749 1395 795 minores
1412 745 1699 806 semitholos,
1719 765 1810 800 tres
1829 752 1887 800 ad
1906 756 2074 803 Orien·

1098 832 1192 866 tem
1209 855 1223 876 ,
1248 818 1539 883 totidemque
1558 820 1616 867 ad
1649 821 1964 871 Occidentem
1994 823 2071 872 su-

1098 886 1298 935 stentant
1319 921 1330 932 .

1167 973 1210 1018 ς)
1283 956 1450 1014 Locus,
1468 955 1548 1005 ubi
1564 959 1680 1007 olim
1700 961 1965 1026 Imperialis
1986 958 2071 1008 sta-

1101 1023 1178 1073 bat
1195 1027 1404 1073 thronus.

1171 1097 1207 1142 E
1280 1096 1418 1142 Scalae
1435 1130 1450 1151 ,
1469 1113 1566 1161 quae
1583 1095 1638 1143 ad
1652 1094 1937 1164 superiorem
1959 1116 2068 1166 por-

1101 1167 1247 1212 ticum
1263 1162 1464 1231 praebent
1478 1163 1727 1213 ascensum.

1169 1240 1202 1283 F
1275 1230 1514 1290 Fenestrae,
1532 1233 1627 1283 five
1649 1237 1891 1284 Meniana.

1166 1300 1192 1350 f
1254 1303 1553 1349 Particulares
1572 1303 1698 1352 scalae
1716 1339 1731 1360 ,
1762 1322 1842 1371 per
1859 1322 1969 1370 quas
1987 1304 2074 1355 soli

1103 1373 1302 1422 Diaconi
1330 1370 1637 1421 ascendebant
1663 1374 1892 1441 populum
1926 1377 2074 1423 thuri-

1104 1442 1281 1490 ficaturi
1294 1476 1309 1498 ‚
1325 1442 1404 1507 qui
1423 1443 1470 1488 in
1487 1439 1667 1510 superio
1677 1446 1715 1490 ri
1735 1441 1941 1492 adstabat
1958 1463 2068 1514 por-

1103 1515 1199 1560 ticu
1216 1547 1225 1556 .

1179 1583 1226 1629 G
1299 1582 1515 1646 Qatuor
1549 1599 1724 1650 magnae
1753 1583 1984 1631 columnae
2015 1601 2074 1633 ex

1103 1655 1283 1719 integro
1296 1650 1449 1716 lapide
1464 1651 1641 1718 Ophite
1656 1687 1672 1708 ,
1688 1669 1885 1717 quarum
1901 1653 2075 1702 diame-

1101 1736 1171 1769 ter
1186 1719 1251 1770 est
1267 1721 1439 1786 pedum
1458 1735 1656 1786 quatuor
1680 1756 1696 1778 ‚
1729 1739 1828 1787 quae
1859 1724 1969 1770 alias
1997 1720 2076 1771 sex

1105 1779 1309 1838 minores
1335 1790 1573 1838 columnas
1604 1790 1892 1858 superiorem
1921 1794 2074 1859 porti-

1104 1878 1211 1909 cum
1235 1857 1486 1907 formantes
1522 1857 1793 1909 sustentant.

1170 1931 1222 1978 H
1295 1930 1510 1994 Qatuor
1534 1928 1814 1977 semicirculi
1835 1948 1858 1979 e
1877 1944 2077 1997 quatuor

1102 1999 1293 2064 magnis,
1309 1996 1485 2045 duabus
1505 1996 1619 2046 vero*
1638 1997 1898 2047 minoribus
1911 2035 1926 2057 ,
1946 2019 2074 2068 para-

1103 2070 1225 2118 statis
1242 2064 1429 2115 formati
1451 2102 1466 2124 ‚
1490 2085 1686 2133 quarum
1714 2067 1935 2133 quaelibet
1963 2070 2077 2119 duas

1105 2138 1461 2206 porphyreticas
1489 2139 1729 2184 columnas
1762 2137 1899 2204 super
1933 2142 2074 2206 Ony-

1104 2211 1256 2257 chinas
1289 2204 1530 2271 quadratas
1560 2204 1684 2253 bases
1730 2205 1975 2256 inlidentes
2007 2222 2076 2257 te-

1106 2290 1216 2326 nent
1232 2297 1245 2335 3
1260 2272 1444 2342 fingulae
1462 2275 1563 2322 duae
1581 2292 1639 2322 ex
1657 2276 1724 2322 his
1749 2277 1980 2325 columnis
2000 2277 2077 2326 sex

1109 2349 1312 2396 minores
1342 2343 1594 2393 sustentant
1618 2380 1634 2401 ,
1661 2362 1760 2410 quae
1790 2343 2077 2413 superiorem

1110 2417 1341 2485 porticum
1356 2411 1565 2461 formant
1581 2449 1599 2471 ,
1626 2431 1676 2461 ac
1693 2416 1836 2462 etiam
1855 2415 2076 2466 semitho-

1108 2491 1175 2536 los
1206 2482 1430 2532 sustinent
1445 2519 1455 2529 .

1177 2558 1200 2603 Ι
1272 2555 1419 2620 Regia
1437 2556 1588 2622 Janua
1601 2588 1616 2609 ,
1633 2570 1731 2618 quae
1749 2569 1948 2619 quatuor
1961 2556 2071 2603 alias

1111 2625 1320 2676 laterales
1335 2622 1389 2669 ab
1405 2635 1601 2688 utraque
1616 2636 1745 2689 parte
1765 2621 1904 2671 habet
1924 2659 1934 2669 .

1178 2695 1215 2741 L
1286 2693 1561 2759 Propilaeum
1587 2726 1603 2747 ,
1632 2689 1728 2739 five
1755 2691 2040 2740 vestibulum
2059 2727 2076 2750 ,

1107 2764 1165 2813 ad
1177 2762 1306 2830 quod
1318 2780 1398 2828 per
1410 2760 1641 2808 sexdecim
1655 2761 1756 2809 loca
1769 2760 2077 2829 patetingress·

1104 2833 1175 2882 sus
1189 2869 1204 2890 ,
1222 2847 1423 2897 quorum
1439 2846 1611 2877 novem
1629 2832 1879 2879 Orientem
1892 2866 1908 2889 ,
1935 2834 2071 2897 quin-

1106 2921 1195 2968 que
1229 2897 1541 2949 Occidentem
1572 2933 1588 2955 ,
1621 2917 1738 2949 unus
1768 2903 2074 2968 Septemtrio-

1110 2988 1234 3025 nem,
1248 2971 1363 3016 alter
1379 2968 1631 3016 Meridiem
1653 2967 1906 3036 respiciunt
1920 3007 1931 3018 .

1175 3043 1231 3087 M
1304 3039 1518 3103 Qatuor
1532 3038 1656 3085 scalae
1669 3040 1931 3089 Cochlides.

1174 3111 1224 3156 N
1295 3107 1518 3164 Porticus,
1537 3105 1632 3155 five
1653 3111 1854 3157 exterius
1871 3108 2071 3160 vestibu-

1104 3180 1202 3226 lum
1221 3213 1237 3235 ,
1253 3175 1379 3241 quod
1396 3178 1647 3242 antiquitus
1677 3180 1890 3228 Narthex
1910 3184 2069 3247 appel-

1103 3247 1308 3295 labatur.

1533 3319 1579 3363 A
1595 3335 1619 3363 a
1829 3323 1875 3372 O
1892 3323 2068 3387 Magna
