2378 3674
443 294 683 346 SIVE
756 288 1171 342 LAPIDE

190 368 244 413 In
284 364 407 411 hunc
438 363 728 412 Dioscoridis
761 365 919 411 locum
947 372 1078 408 notat

101 434 384 484 Mattliiolus
399 469 415 490 ,
429 434 635 502 lapidem
653 433 792 481 istum
813 450 905 480 non
926 426 1079 479 solum

99 505 150 551 in
169 507 276 571 igne
304 508 608 571 permanere,
634 523 717 552 nec
738 502 872 550 suum
889 503 1076 548 amitte-

101 591 151 621 re
174 575 471 640 lplendorem
492 610 508 632 ,
526 574 604 623 sed
629 573 663 622 fi
683 587 789 622 ante
808 571 1080 637 coinquina-

101 657 176 691 tus
196 641 366 702 fuerit,
385 662 444 692 ex
473 647 578 711 igne
599 646 700 691 erui
729 642 963 690 mundum
981 678 995 700 ,
1031 640 1082 688 &

100 710 406 780 splendidum
425 736 440 775 3
459 714 619 761 vocari
644 713 873 760 Asbeston
890 748 906 770 ,
934 711 1083 776 quim,

106 786 156 829 in
173 785 374 832 lucernis
401 802 484 852 pro
506 783 753 849 ellychnio
772 780 984 837 inservit,
999 797 1082 828 nec

105 849 259 900 solum
277 872 368 901 non
386 855 680 921 extinguitur
697 890 712 912 ,
743 853 893 901 donec
910 863 1082 919 gutta-„—

106 923 200 970 olei
235 920 290 969 fit
323 959 338 980 ,
364 920 441 971 sed
474 941 557 971 nec
584 927 728 971 etiam
759 921 1080 970 comburitur.

107 992 337 1059 Lapidem
370 992 509 1041 istum
541 997 671 1051 neri,
705 993 856 1061 pecii,
888 994 1079 1042 &texi.

108 1064 391 1112 Hieroclem
415 1062 643 1121 scribere,
678 1065 981 1111 Brachmanes
1010 1066 1085 1111 Ιη-

110 1132 196 1180 diae
222 1132 524 1202 Philosophos
541 1152 598 1182 ex
616 1133 785 1182 eodem
801 1132 956 1200 lapide
972 1151 1082 1181 con·

106 1200 262 1251 feciss‘e
302 1201 477 1261 vestes,
505 1218 556 1251 ut
591 1206 788 1272 propriae
820 1204 1084 1252 divinitatis

110 1276 397 1324 memoriam
435 1274 777 1340 relinquerent.
817 1273 1003 1334 Subdit,
1027 1291 1085 1320 ex

110 1344 282 1393 eodem
303 1343 460 1411 lapide
480 1345 594 1391 olim
612 1341 811 1393 funestas
827 1346 970 1392 etiam
987 1355 1086 1390 tex-

112 1427 178 1462 tas
193 1409 323 1462 fuisse
352 1411 500 1461 vestes
519 1450 533 1471 ,
563 1415 730 1480 quibus
754 1418 937 1481 Regum
960 1431 1087 1460 mor-

111 1499 309 1534 tuorum
351 1483 580 1531 cadavera
611 1483 953 1532 amiciebantur
982 1519 998 1541 ‚
1035 1495 1088 1529 ut

113 1554 223 1603 cum
244 1551 338 1622 ipsa
355 1552 762 1611 comburerentur,
777 1572 941 1602 eorum
961 1555 1087 1601 cine-

113 1643 186 1674 res
202 1663 217 1686 ‚
237 1643 259 1670 a
282 1623 516 1672 cineribus
533 1625 770 1692 lignorum
794 1623 998 1673 distinsti
1019 1641 1088 1671 re⁴²

115 1707 364 1745 manerent
380 1729 395 1751 ³
413 1708 465 1741 ut
484 1694 730 1761 sepulturae
756 1693 877 1742 tradi
898 1691 1086 1762 possent.

116 1764 277 1814 Postea
296 1763 422 1812 idem
445 1766 727 1813 iviatthiolus
757 1767 1090 1832 praecitatum-2

116 1836 327 1884 Plinium
368 1835 711 1882 hallucinatum
750 1833 888 1884 fuisse
936 1835 1091 1883 redar-

116 1906 237 1974 guit,
250 1903 366 1950 dum
387 1918 519 1971 putat
534 1903 664 1953 hasce
682 1906 793 1953 telas
812 1923 867 1953 ex
885 1903 1092 1972 quodam

117 1974 287 2025 Indico
307 1975 404 2022 lino
427 1973 589 2038 confici
612 2011 627 2032 ‚
645 1995 696 2022 ac
726 1973 933 2038 ejusdem
952 1977 1091 2023 Plinii

116 2044 254 2112 supra
273 2059 481 2092 enarrata
506 2042 646 2092 refert
669 2045 811 2093 verba
828 2082 843 2102 ‚
869 2043 1095 2103 subdens,

116 2113 284 2163 asserta
319 2114 375 2160 ab
403 2134 457 2163 eo
492 2118 662 2182 partim
700 2133 808 2163 vera
840 2151 854 2172 ‚
882 2119 1095 2182 partim.»

117 2181 328 2233 fabulosa
347 2185 464 2232 esse.
487 2186 574 2232 Sed
596 2186 837 2233 Matthioli
857 2205 967 2252 pace
982 2223 996 2244 ,
1014 2188 1096 2234 hu-

119 2253 324 2318 jusmodi
354 2255 491 2301 Plinii
521 2255 970 2313 hallucinationem,
1002 2254 1098 2304 sire

120 2322 328 2372 fabulam
343 2360 357 2380 ‚
378 2338 430 2371 ut
448 2327 731 2374 Matthiolus
750 2324 906 2374 asserit
925 2362 938 2383 ,
957 2328 1097 2372 mini-

123 2394 199 2442 m&
221 2389 444 2448 observO,
462 2396 576 2442 dum
604 2397 752 2443 linum
787 2396 871 2443 hoc
892 2395 985 2463 ipse
1004 2398 1098 2444 Pli-

122 2465 226 2512 nius
244 2459 496 2509 Asbestum
515 2479 681 2522 vocat,
712 2465 838 2530 quod
862 2466 986 2513 idem
1019 2467 1099 2524 est,

126 2551 178 2581 ac
201 2532 451 2578 Amic-intus
468 2567 483 2587 ,
504 2533 627 2580 unde
653 2534 840 2599 quaestio
867 2535 924 2583 de
950 2537 1102 2583 nomi-

132 2620 189 2650 ne
218 2601 445 2669 appellari
465 2601 612 2668 potest
630 2624 644 2662 3
661 2621 767 2650 nam
790 2622 883 2652 vox
898 2606 1106 2655 Asbeft'os

125 2670 778 2741 graece,inextinc³tus,scilicet
792 2675 871 2739 qui
898 2677 1109 2742 extingui

127 2743 291 2807 nequit
307 2776 323 2798 ,
342 2742 482 2789 latine
499 2739 630 2789 sonat
646 2763 659 2801 3
675 2745 723 2794 ὃς
750 2740 865 2790 ficut
885 2742 1021 2810 suprzi
1041 2745 1108 2792 di-

128 2814 176 2860 :ii
196 2812 390 2860 Calcem
410 2810 620 2869 denotat,
635 2830 733 2877 quae
755 2814 800 2858 in
830 2815 935 2880 igne
953 2814 1108 2873 durat3

127 2886 176 2932 ὃε
199 2881 323 2929 idem
347 2881 522 2928 Plinius
539 2881 706 2940 lib.37.
727 2900 912 2949 captio.
931 2881 1107 2945 scribit,

131 2949 364 3002 ,Asbeston
386 2952 430 2997 in
456 2952 670 3000 Arcadiae
704 2950 942 3001 montibus
969 2952 1106 3011 nasci,

135 3019 397 3087 colorisque
425 3018 561 3069 ferrei
596 3019 689 3070 csse
711 3044 720 3070 :
741 3041 838 3088 quae
857 3025 1105 3088 qualitates

131 3093 360 3140 Amianto
380 3088 524 3138 tribui
545 3089 733 3157 possunt
748 3090 881 3150 ‚cum
902 3092 1107 3142 eundem

1244 280 1792 335 AMIANTO.
2011 298 2108 340 219

1131 372 1178 406 te
1199 359 1318 405 inter
1346 353 1388 402 le
1416 351 1708 420 discrepare,
1734 363 1788 396 ut
1808 349 1854 394 in
1875 350 2106 418 principio

1132 428 1190 477 de
1227 439 1430 494 quatuor
1448 423 1664 469 Amianti
1689 417 1957 486 speciebus,
1982 421 2106 486 apud

1133 516 1208 547 me
1226 493 1495 545 extantibus
1510 494 1737 539 enarravi.
1759 488 1998 536 Laudatus
2014 491 2106 538 Pli-

1135 571 1238 616 nius
1256 566 1399 613 etiam
1416 561 1997 627 lib.36.cap.19.Amianti
2015 577 2111 607 me-

1133 639 1274 686 minit
1291 670 1306 691 ,
1324 630 1549 687 asserens,
1569 631 1788 678 Alumini
1809 626 2013 676 fimilem
2039 628 2108 678 es-

1135 706 1207 766 se,
1242 705 1451 769 nihilque
1473 702 1581 769 igne
1609 700 1866 766 deperdere
1884 735 1894 745 .
1920 700 2109 764 Qare,

1136 777 1243 826 cum
1268 776 1315 821 in
1338 776 1444 841 igne
1458 769 1624 827 duret,
1650 784 1703 816 ut
1722 767 1939 816 Asbestos
1956 808 1971 829 ,
1987 768 2105 833 ejus-

1136 849 1244 896 dem
1263 856 1433 891 naturae
1458 838 1610 906 ipsum
1631 838 1724 888 esse
1744 838 1883 886 fateri
1905 853 2107 906 oportet.

1136 914 1262 967 Cum
1291 915 1435 981 igitur
1461 927 1624 958 omnes
1654 908 1725 956 isti
1754 909 2016 975 Scriptores
2052 927 2110 958 ex

1135 982 1515 1035 antecedentibus
1551 977 1893 1046 desumpserint
1927 980 2112 1029 Audio-

1137 1056 1264 1104 ribus
1283 1094 1296 1115 ‚
1317 1056 1364 1104 &
1380 1049 1679 1119 praefatorum
1699 1048 1911 1116 lapidum
1940 1046 2113 1116 species

1139 1146 1227 1196 prae
1250 1123 1462 1172 manibus
1488 1120 1686 1167 minime
1723 1117 1998 1175 habuerint,
2038 1138 2116 1187 pe.

1139 1198 1433 1260 riculumque
1452 1192 1508 1240 de
1528 1191 1582 1238 iis
1600 1190 1723 1237 haud
1742 1187 1939 1238 fecerint
1956 1190 2116 1255 (quod

1138 1264 1173 1314 fi
1189 1262 1422 1320 feciffent,
1457 1263 1622 1326 utique
1657 1255 2003 1320 narravissent)
2022 1261 2113 1306 mi-

1140 1353 1245 1384 rum
1263 1346 1505 1402 propterea
1538 1348 1632 1378 non
1671 1328 1766 1384 est,
1795 1325 1828 1374 fi
1846 1328 2000 1393 aliqua
2031 1330 2117 1377 in-,

1141 1420 1272 1474 parte
1293 1401 1406 1471 lapsi
1425 1401 1604 1450 fuerint
1623 1438 1638 1458 ,
1661 1402 1768 1465 quia
1799 1398 2008 1445 oculares
2047 1412 2117 1446 te-

1142 1476 1226 1524 stes
1248 1475 1613 1538 haudquaquam
1632 1468 1793 1527 fuere3
1831 1485 1973 1532 quare
2004 1485 2117 1516 con-

1141 1544 1269 1594 cludi
1299 1541 1420 1611 posse
1442 1542 1558 1589 mihi
1578 1540 1798 1594 videtur,
1819 1536 2038 1585 omnibus
2054 1539 2118 1585 la-

1144 1614 1330 1684 pidibus
1349 1650 1364 1671 ,
1384 1632 1441 1664 ex
1463 1609 1705 1665 tenuibus,
1735 1629 1787 1658 ac
1821 1606 2045 1655 mollibus
2070 1605 2122 1654 fi-

1144 1687 1389 1742 lamentis,
1412 1685 1456 1729 in
1474 1686 1577 1751 igne
1598 1675 1942 1748 perlistentibus
1958 1712 1975 1734 ,
2000 1695 2026 1723 a
2043 1695 2123 1724 na-

1146 1770 1250 1803 tura
1267 1754 1524 1823 compar-siis
1539 1789 1554 1811 ,
1573 1765 1670 1799 tam
1704 1749 1921 1797 Amianti
1945 1782 1960 1803 ,
1980 1746 2123 1812 qudrn

1147 1823 1332 1874 Asbesti
1348 1862 1364 1883 ,
1400 1822 1496 1872 five
1536 1824 1617 1871 lini
1650 1822 1783 1878 vivi,
1821 1832 1902 1865 aut
1931 1818 2125 1864 alterius

1147 1897 1294 1952 vocis,
1315 1893 1686 1962 permanentiam
1704 1891 1750 1936 in
1772 1893 1876 1958 igne
1898 1887 2123 1935 denotan-

1146 1968 1203 2014 tis
1220 2001 1235 2022 ,
1255 1984 1429 2014 nomen
1447 1964 1618 2013 merito
1638 1958 1813 2018 tribui,
1844 1972 1982 2024 atque
2004 1973 2128 2023 apta-

1151 2038 1187 2082 ri
1210 2032 1332 2102 poffe
1350 2072 1359 2081 .
1374 2037 1533 2083 Multa
1550 2030 1799 2098 copiosiori
1819 2029 2003 2076 calamo
2028 2030 2128 2076 col-

1150 2108 1266 2173 legit
1302 2106 1502 2173 diligens
1527 2141 1542 2162 ,
1582 2102 1631 2151 &
1669 2101 1880 2169 eruditus
1918 2097 2130 2164 Scriptor

1150 2178 1385 2242 Georgius
1398 2176 1624 2241 Agricola
1645 2171 1702 2218 de
1718 2183 1883 2217 natura
1901 2166 2128 2216 foffilium

1153 2245 1286 2306 lib.5.
1309 2243 1389 2292 ubi
1411 2245 1505 2291 haec
1524 2243 1581 2291 de
1608 2239 1763 2287 nostro
1788 2235 1941 2304 lapide
1961 2241 2040 2283 ait:
2055 2238 2132 2286 Se-

1152 2321 1296 2384 quitur
1314 2316 1546 2364 Amiantus
1560 2349 1575 2370 ,
1601 2315 1675 2377 qui
1690 2326 1923 2378 quanquam
1941 2328 1995 2356 ex
2009 2307 2125 2372 lapi—

1153 2387 1203 2435 de
1215 2389 1424 2443 calcum&
1433 2386 1568 2452 gypso
1583 2386 1759 2450 nonfiat
1773 2381 1877 2447 ,sbd
1898 2398 1952 2426 ex
1965 2380 2042 2446 sui
2053 2399 2132 2445 gc-

1158 2460 1272 2505 neris
1275 2459 1397 2525 succo
1414 2473 1574 2503 :tasnen
1593 2457 1722 2501 etiam
1733 2455 1913 2516 proprie
1927 2450 1996 2497 eff
2014 2466 2133 2497 natu-

1157 2547 1209 2576 rae
1232 2563 1240 2571 .
1263 2521 1496 2575 'Amiantus
1513 2528 1618 2575 verb
1632 2523 1772 2571 diffisus
1790 2522 1873 2577 eff,
1893 2519 2004 2586 qubd
2015 2523 2133 2587 ignis

1159 2597 1255 2645 ade&
1278 2616 1358 2645 non
1385 2600 1578 2663 inquinet
1611 2593 1739 2657 ipsius
1756 2592 2053 2657 splendorem,
2087 2604 2136 2636 uc

1161 2669 1331 2736 etiamsi
1342 2671 1390 2714 in
1414 2686 1503 2716 eum
1520 2667 1769 2727 conjiciantur
1775 2660 1979 2729 sbrdidus
1991 2694 2005 2714 ,
2020 2660 2142 2708 nihil

1161 2739 1420 2803 deperdens,
1445 2736 1607 2783 nitidus
1624 2768 1639 2789 ,
1666 2735 1720 2780 &⁴
1736 2731 2032 2799 splendescens
2059 2749 2133 2778 ex-

1162 2810 1359 2856 trahatur
1372 2842 1382 2851 .
1423 2804 1539 2853 Idem
1572 2819 1755 2851 ‘vocatur
1772 2800 1981 2849 Asbeflos
1996 2839 2010 2859 ‚
2027 2800 2138 2868 qubd

1158 2883 1206 2925 in
1224 2879 1407 2924 lucernis
1426 2877 1561 2942 (fiunt
1578 2877 1690 2920 enim
1709 2892 1763 2920 ex
1781 2890 1822 2919 eo
1836 2871 2093 2938 thryallides
2111 2879 2131 2932 )

1147 2948 1286 3016 ftmel
1305 2945 1494 3011 accensus
1513 2964 1590 2992 non
1613 2948 1918 3010 extinguatur,
1935 2942 2034 2989 dum
2047 2941 2132 2988 ali-

1161 3016 1266 3085 quid
1277 3019 1359 3065 olei
1363 3017 1602 3083 supererit:
1632 3031 1729 3060 num
1755 3011 1925 3080 ignibus
1952 3030 2034 3059 non
2056 3008 2133 3057 ab·-

1150 3089 1342 3155 sumitur
1359 3121 1369 3130 .
1404 3084 1527 3133 Idem
1552 3087 1649 3151 quia
1658 3089 1789 3150 pexis
1806 3086 2027 3132 mulierum
2042 3083 2129 3130 cri-

131 3161 359 3227 lapidem,
372 3157 465 3208 five
485 3162 541 3208 al}
554 3180 633 3209 um
653 3162 710 3210 ab
727 3162 1006 3211 eodemnon
1028 3161 1107 3210 ab·
1163 3156 1284 3205 nibus
1294 3155 1453 3222 similis
1469 3157 1536 3204 ess}
1556 3157 1575 3209 (
1594 3159 1748 3203 etenim
1780 3159 1829 3203 in
1847 3172 1935 3202 eam
1939 3155 2133 3219 figuram

127 3229 334 3282 similem
366 3228 457 3281 esse
476 3245 634 3299 putem
655 3268 669 3288 ,
696 3228 773 3279 sed
802 3231 1013 3298 respectu
1036 3250 1105 3280 re·
1146 3226 1361 3294 formatus
1382 3228 1625 3292 plerumque
1653 3225 1864 3274 venditur
1882 3235 1902 3288 )
1920 3240 1945 3269 a
1967 3222 2131 3272 Zoroaa

127 3303 324 3369 gionum
341 3337 356 3356 ,
377 3298 743 3368 fedinarumque
761 3304 805 3349 in
825 3303 980 3369 aliqua
1000 3320 1105 3372 par-
1156 3299 1250 3365 ἷῖνιζ
1285 3302 1529 3348 nominatur
1549 3296 1878 3361 Bofffrychites3
1903 3297 2003 3364 quia
2017 3295 2131 3340 cani-

202 3368 396 3424 Par-III.

1645 3366 1683 3415 E
1702 3382 1725 3414 e
1768 3383 1793 3414 2
2051 3362 2137 3408 ciei
