2378 3674
250 242 342 302 248

631 233 728 285 DE
782 230 1117 283 DUOBUS
1173 227 1865 284 EMBLEMATIBUS

246 324 376 357 num.
393 319 476 365 93.
496 305 545 354 &
562 302 685 370 seqq.
713 305 761 352 ὅτ,
789 303 834 346 in
860 302 1221 368 Martyrologio
1277 317 1394 346 xum
1414 335 1430 356 ,
1468 313 1520 346 ut
1538 299 1791 348 deducitur
1809 321 1864 350 ex
1883 303 2166 371 supracitato
2184 326 2266 354 au·

247 378 307 427 ad
327 376 455 422 diem
477 392 559 422 22.
582 370 784 438 Augusti
808 368 967 418 litterd
989 373 1037 417 B.
1069 370 1149 417 ubi
1179 389 1227 418 o·
1278 370 1409 417 &ore
1427 367 1590 417 Arabo
1611 368 1986 439 Abul-Pharagi3
2019 373 2129 422 edm
2146 377 2263 423 vert)

245 445 435 500 stendit,
454 443 820 494 Constantinum
837 476 852 497 ,
870 440 981 488 licet
999 438 1227 488 Christia-

1282 443 1490 487 Romam
1513 438 1825 507 pervenisset,
1862 444 1907 488 S.
1931 445 2081 492 Pontii
2104 444 2268 494 suasio-

246 518 315 564 nis
335 507 890 582 semperiaviffet,tamen
907 509 965 557 de
982 508 1225 558 consulen-
1281 507 1415 557 nibus
1455 508 1636 556 sacrum
1677 506 1914 577 suscepisse
1951 513 2253 580 Baptis'mad.

247 587 319 636 dis
338 581 681 651 Haruspicibus
708 577 881 631 dedisse
913 578 1192 648 rescriptum
1212 615 1227 636 ,

247 671 386 721 atque
422 651 506 702 sub
543 671 599 701 eo
631 650 946 713 aGetitilibus
973 649 1227 716 aliquando

248 738 447 776 vexatos
465 720 598 772 fuisse
630 720 921 770 Christianos
935 756 949 777 ‚
978 721 1027 769 &L
1045 720 1105 768 ob
1129 737 1232 768 eam

249 792 436 845 causam
490 794 695 860 plurima
744 791 903 846 eidem
947 792 1232 858 Imperatori

251 866 376 914 mala
397 859 608 911 accidisse
631 898 642 908 .
686 862 843 914 Unico
875 879 1075 926 namque
1097 896 1112 917 ,
1152 879 1232 910 ee·-

250 937 454 1000 demque
478 948 692 1000 tempore
723 930 851 977 suam
885 929 1059 996 ubique
1090 932 1233 979 Chri·

250 1005 392 1055 stiana
429 1005 620 1070 Religio
659 1002 915 1069 puritatem
947 998 1234 1048 consecuta...

230 1075 342 1124 'non
356 1074 450 1123 fuit
464 1074 482 1131 ,’
496 1072 573 1121 sed
593 1073 821 1140 temporis
842 1066 1080 1139 progressu
1095 1107 1105 1117 .
1135 1074 1233 1119 Im-

253 1158 485 1215 peratores
513 1145 640 1192 enim
659 1140 914 1191 Christiani
945 1138 1112 1190 sensim
1131 1160 1234 1190 om-

251 1234 360 1266 nem
382 1216 723 1264 Gentilitatem
745 1211 996 1260 abolerunt
1014 1247 1029 1269 ,
1067 1226 1120 1259 ut
1138 1214 1234 1260 cla-

250 1288 300 1335 r&
316 1285 570 1335 deducitur
592 1296 650 1332 ex'
668 1297 768 1330 toto
790 1283 934 1330 titulo
959 1282 1016 1330 de
1043 1283 1235 1349 Paganis

252 1360 300 1405 in
334 1354 514 1405 Codice
552 1349 889 1401 Theodofiano
912 1387 921 1397 .
968 1352 1111 1403 Unde
1142 1354 1233 1400 mi-

253 1443 361 1475 rum
382 1443 473 1473 non
501 1422 592 1484 est,
626 1420 658 1470 fi
677 1420 814 1469 ambo
830 1422 1060 1488 Philippi,
1081 1439 1237 1470 reeen-

251 1509 322 1547 ter
341 1497 387 1543 in
406 1491 670 1544 Christiana
685 1492 798 1541 Fide
816 1490 1045 1549 instru&i‚
1063 1495 1236 1559 quique

251 1584 356 1617 eam
376 1564 585 1613 nondum
604 1560 793 1611 forsitan
810 1563 1017 1628 amplexi
1031 1560 1234 1620 fuerant,

255 1637 502 1686 Saeculares
521 1631 743 1682 celebrari
758 1632 1075 1699 Lud05‚atque
1091 1636 1233 1681 etiam

250 1702 449 1756 fortaffis
471 1701 689 1751 sacrificia
708 1700 805 1750 fieri
825 1739 840 1760 ,
878 1702 1049 1769 absque
1068 1721 1234 1753 eorum

253 1779 527 1825 interventu
548 1811 562 1832 ,
603 1770 899 1841 permiserint
915 1808 925 1819 .

325 1847 393 1892 Ex
414 1845 630 1893 haetenus
663 1844 885 1892 enarratis
926 1843 1048 1890 clare
1068 1843 1237 1911 proba-

251 1929 357 1966 tum
376 1931 489 1983 puto
504 1952 518 1972 ‚
536 1914 697 1962 ambos
719 1917 1052 1981 Imperatores,
1072 1914 1239 1963 eodem

253 2003 377 2036 anno
394 2021 409 2042 ,
449 2004 541 2052 quo
562 1982 735 2051 praefati
759 1983 880 2031 Ludi
895 1983 1123 2031 celebrati
1140 1982 1238 2034 fue-

253 2070 363 2105 runt
387 2091 402 2112 ,
440 2053 714 2104 Christianae
745 2055 928 2101 militiae
957 2071 1129 2102 nomen
1159 2055 1238 2104 de-

253 2122 365 2174 disse
393 2160 408 2181 ,
456 2123 583 2190 quod
619 2139 704 2190 pro
734 2141 848 2171 meae
883 2124 1116 2189 opinionis
1146 2123 1237 2175 basi

254 2208 355 2243 erat
375 2192 801 2242 demonstrandum
824 2229 833 2239 .

322 2267 434 2312 Non
455 2262 604 2313 obstat
624 2298 640 2320 ,
678 2263 807 2329 quod
829 2265 875 2312 in
891 2263 1096 2313 Paffione
1119 2267 1234 2312 San-

252 2334 317 2386 &i
333 2336 486 2383 Pontii
507 2345 744 2394 narretur,
774 2337 915 2383 tertio
937 2336 1131 2403 Imperii
1153 2355 1236 2382 an-

253 2422 315 2455 no
334 2404 607 2471 Philippum
627 2403 684 2450 ad
701 2402 1053 2453 sacrificandum
1075 2423 1237 2473 perge-

256 2492 305 2522 re
325 2472 521 2522 voluisse
539 2509 554 2529 ‚
584 2474 693 2538 quia
715 2471 973 2540 respondeo
993 2497 1006 2536 3
1031 2477 1079 2524 id
1099 2476 1236 2523 illum

252 2540 406 2592 fecisse
423 2543 483 2592 ob
501 2543 663 2611 populi
681 2546 887 2591 Romani
905 2540 1236 2606 metum,alias-

257 2632 344 2680 que
364 2615 569 2662 rationes
586 2648 601 2669 ,
641 2630 749 2678 quas
769 2611 904 2682 supr&
931 2633 1059 2663 num.
1084 2621 1129 2664 8.
1165 2617 1234 2662 in-

256 2684 443 2742 dicavi,
460 2703 510 2731 ac
533 2682 589 2730 de
605 2680 917 2732 Constantino
939 2702 1086 2752 nuper
1102 2685 1202 2733 dixi
1226 2721 1236 2732 .

256 2757 425 2819 Neque
455 2752 606 2802 obstat
635 2753 764 2801 aliud
798 2752 950 2802 fimile
985 2772 1238 2822 argumen-

256 2838 359 2872 tum
377 2860 393 2880 ,
433 2840 602 2890 nempe
620 2859 635 2880 ,
673 2821 775 2890 post
800 2824 1049 2872 nonnullas
1079 2823 1237 2892 dispu-

258 2896 490 2950 tationes,
529 2895 621 2941 Dei
656 2893 939 2954 voluntate,
975 2897 1239 2960 Imperato-

256 2981 324 3012 res
354 2959 600 3013 credidisse
629 2998 639 3009 .
680 2965 773 3012 Cui
809 2963 1067 3028 objeffioni
1093 2967 1238 3013 etiam

257 3032 488 3101 subjungo
514 3069 529 3090 ‚
568 3033 840 3100 Philippum
866 3070 882 3092 ‚
921 3034 1037 3083 dum
1068 3037 1238 3083 Antio-

257 3104 367 3152 chiae
396 3139 412 3160 ,
469 3099 565 3151 five
590 3107 808 3170 Apameae
845 3102 1015 3153 mansit
1044 3141 1060 3162 ,
1100 3105 1237 3154 sacris

258 3172 528 3221 Christianae
547 3173 681 3222 Fidei
700 3173 951 3239 Mysteriis
967 3173 1131 3223 instrui
1154 3193 1235 3225 vo·-

256 3236 414 3298 luiffe‚
450 3240 528 3291 sed
546 3260 650 3293 eam
686 3245 883 3295 minime
904 3241 1035 3294 fuisse
1055 3247 1233 3314 ample-

1283 582 1411 627 Nam
1442 597 1498 628 eo
1532 594 1750 647 tempore
1780 586 1876 643 jam
1900 600 2089 648 pravam
2113 587 2259 635 intro-

1286 649 1476 700 ἀυὲὶειιῃ
1495 647 1627 698 fuisse
1647 647 2040 701 consuetudinem
2057 689 2073 710 ‚
2110 655 2262 702 existi-

1288 738 1367 767 mo
1383 756 1398 776 ,
1435 719 1526 785 quzi
1558 722 1697 767 multi
1716 722 1900 770 Fideles
1917 721 2061 789 usque
2082 724 2139 771 ad
2158 741 2263 791 pro-

1288 790 1549 838 vefiiorem
1571 803 1758 838 aetatem
1795 789 1973 840 sacrum
2007 792 2267 861 suscipere,

1289 857 1583 928 Baptismum
1604 855 1917 923 differebant3
1955 877 2007 910 ut
2024 866 2162 912 docet
2177 867 2266 911 Ba-

1288 932 1444 979 ronius
1475 929 1533 977 ad
1558 947 1735 977 annum
1765 945 1881 990 377.
1919 950 2052 980 num.
2096 954 2171 996 14.
2216 935 2267 983 δε

1290 1001 1487 1048 Lorinus
1516 1001 1562 1046 in
1595 1003 1956 1049 Commentario
1998 1005 2108 1052 Αέὶ.
2130 1007 2264 1070 Apo-

1288 1069 1515 1119 stolorum
1538 1088 1636 1137 cap.
1662 1090 1706 1117 2.
1728 1069 1847 1119 vers.
1870 1077 1947 1129 38.
1977 1074 2127 1139 quue
2144 1091 2271 1120 com-

1290 1140 1492 1209 probant
1524 1142 1667 1188 variis
1694 1142 1996 1207 antiquorum
2033 1145 2267 1191 Pati-um..-

1289 1208 1651 1259 au&oritatibus
1669 1247 1679 1255 .
1723 1213 1833 1259 Non
1854 1211 1931 1260 abs
1962 1231 2008 1261 re
2043 1212 2156 1284 ergo
2175 1217 2266 1262 erit

1288 1279 1479 1330 asserere
1512 1316 1528 1336 ,
1577 1281 1849 1347 Philippum
1876 1286 2264 1350 Imperatorem-2

1288 1353 1403 1399 hanc
1434 1368 1629 1419 pravam
1653 1353 1971 1418 amplexatum
1992 1350 2121 1403 fuisse
2152 1372 2265 1402 con-

1291 1420 1588 1470 suetudinem
1613 1457 1628 1478 ,
1666 1421 1891 1489 Baptismi
1924 1422 2267 1491 susceptionem

1293 1489 1436 1555 usque
1475 1491 1532 1539 ad
1562 1489 1696 1538 suum
1727 1495 1931 1540 Romam
1960 1495 2265 1542 adventum-³

1290 1558 1562 1611 differendi.
1591 1564 1636 1608 Si
1661 1564 1805 1630 igitur
1825 1561 1947 1612 hisce
1971 1566 2086 1613 meis
2106 1570 2264 1628 conje-

1289 1633 1433 1682 &uris
1452 1633 1581 1680 locus
1601 1631 1665 1680 est
1684 1669 1699 1690 ,
1739 1651 1795 1681 ex
1826 1635 1879 1681 iis
1897 1635 2040 1682 etiam
2061 1638 2268 1703 Scripto-

1293 1721 1398 1751 rum
1416 1701 1666 1751 concordia
1688 1701 1882 1751 resultat
1909 1741 1924 1762 ,
1962 1723 2129 1773 nempe
2161 1706 2268 1752 Phi-

1293 1776 1422 1842 lippo
1452 1810 1468 1831 ,
1504 1774 1617 1820 dum
1642 1775 1909 1822 Antiochiae
1938 1776 2184 1833 manebat,
2219 1778 2264 1822 S.

1294 1843 1530 1910 Babylam
1565 1841 1772 1905 ejusdem
1814 1846 2042 1893 Civitatis
2072 1843 2265 1913 Episco-

1292 1932 1434 1982 pum,
1474 1912 1687 1961 Ecclefiae
1716 1911 1964 1982 ingressum
1989 1951 2004 1972 ‚
2041 1914 2102 1963 ob
2135 1916 2265 1964 dete-

1292 1984 1500 2032 standam
1522 1983 1754 2031 Gordiani
1783 1985 1957 2033 caedem
1984 2022 1998 2042 ‚
2051 1985 2130 2033 seu
2161 2022 2176 2043 ,
2212 1998 2267 2032 ut

1290 2067 1448 2103 narrat
1475 2055 1738 2122 praecitarus
1758 2053 2264 2122 Abul-Pharagi,quod

1290 2124 1479 2174 nolebat
1505 2122 1730 2173 abstinere
1758 2145 1782 2172 a
1815 2127 2010 2183 vetitis,
2046 2127 2094 2175 &
2123 2124 2262 2172 unicd

1290 2213 1436 2245 uxore
1454 2191 1542 2244 elle
1562 2208 1831 2251 contentus,
1847 2191 2148 2244 interdixisse.
2165 2199 2262 2243 Ro·

1291 2285 1376 2314 mae
1395 2267 1509 2315 vero
1528 2265 1745 2332 Philippo
1766 2266 1984 2332 degenti,
2014 2284 2064 2312 ac
2086 2262 2266 2331 Baptis-

1293 2351 1416 2385 mate
1441 2334 1651 2383 nondum
1681 2332 1920 2402 suscepto,
1960 2336 2268 2382 nihilominus

1288 2407 1424 2454 sacris
1451 2404 1825 2455 Christianorum
1846 2404 2094 2469 Mysteriis
2124 2405 2265 2453 inter-

1289 2474 1375 2526 esse
1405 2472 1716 2531 desideranti,
1754 2472 1968 2522 Eccleliae
1997 2470 2265 2541 ingressum,

1289 2544 1348 2594 ob
1372 2542 1561 2594 easdem
1588 2542 1738 2590 causas
1758 2579 1771 2598 ,
1810 2563 1833 2590 a
1852 2542 2057 2592 Fabiano
2075 2545 2195 2611 Papa
2213 2541 2266 2592 fi-

1289 2617 1467 2664 militer
1492 2613 1797 2662 interditstum
1827 2611 1981 2662 fuisse.

1360 2683 1506 2734 Hisce
1539 2681 1786 2752 suppositis
1815 2683 1999 2732 deduco
2022 2719 2037 2740 ,
2083 2684 2270 2733 Fideles

1291 2769 1403 2804 tunc
1435 2759 1600 2803 Rornae
1639 2755 1856 2803 viventes
1890 2772 2059 2822 gnaros
2085 2790 2101 2811 ,
2137 2751 2266 2821 quod

1294 2831 1609 2893 Imperatores
1626 2828 1722 2885 jam
1748 2822 1923 2873 secreto
1951 2824 2264 2873 Christianam

1293 2898 1596 2963 Religionem
1616 2891 1803 2961 profeffi
1827 2892 2017 2943 fuerant
2034 2930 2049 2950 ,
2087 2893 2148 2941 ob
2174 2910 2266 2940 ma·-

1291 2968 1473 3014 ximam
1493 2965 1707 3012 laetitiam
1725 3000 1740 3021 ,
1758 2982 1895 3030 quam
1916 2982 1971 3013 ex
1992 2960 2263 3027 hujusmodi

1292 3042 1644 3103 Imperatorum
1673 3031 1979 3083 conversione
2013 3029 2229 3097 accepere
2248 3065 2264 3085 ,

1288 3105 1606 3173 Redemptori
1630 3107 1842 3152 Domino
1874 3101 2046 3152 Nostro
2072 3105 2099 3168 J
2117 3102 2153 3145 E
2168 3101 2194 3146 S
2211 3100 2264 3151 U

1286 3180 1328 3226 C
1343 3179 1394 3226 H
1410 3179 1487 3223 RI
1502 3177 1529 3221 S
1544 3175 1588 3221 T
1604 3177 1651 3224 O
1667 3210 1681 3231 ,
1702 3175 1760 3223 de
1783 3173 2004 3242 fingulari
2024 3171 2111 3217 hoc
2126 3167 2266 3217 bene-
2342 3215 2344 3217 ,

1288 3245 1394 3296 ficio
1411 3243 1593 3294 debitas
1622 3258 1778 3314 grates
1797 3239 2054 3313 rependere
2086 3236 2265 3315 voluis-

2189 3304 2265 3365 se,
