2378 3674
93 341 198 394 des,
221 332 418 384 secunda
448 349 597 380 unum
619 332 788 401 pedem
806 351 916 381 cum
936 335 1075 383 dimi-

91 408 174 456 dio
205 409 250 453 in
283 403 494 470 qualibet
534 406 733 453 laterum
770 400 889 452 facie
929 421 1074 470 aequa-

92 478 205 526 bant
220 473 357 535 ,cum
376 478 542 527 lateres
574 474 646 522 isti
665 472 878 540 quadrati
897 470 1040 523 essent
1058 496 1074 535 ;

91 547 218 595 secus
234 548 349 594 vero
378 546 436 594 de
462 546 662 613 tegulis,
697 562 796 609 quae
826 541 1073 612 oblongae3

92 617 216 664 unde
239 617 284 662 in
302 618 617 683 longitudine,
638 616 789 680 prima
808 649 824 671 ,
840 615 886 660 in
906 615 1070 661 latitu-

91 686 199 734 dine
220 688 335 735 vero
363 683 561 734 secunda
591 681 803 731 mensura
833 683 922 730 illis
941 698 1071 730 com-

91 755 283 823 petebat
303 794 314 805 .
335 760 392 804 Et
408 756 501 802 haec
532 752 635 799 satis
661 751 784 802 dieta
802 749 892 800 fint
917 752 1071 820 quoad

90 828 458 895 explicationem
475 823 665 871 doliaris
680 825 831 891 operis
848 859 859 869 .

165 899 290 962 Saepe
315 897 359 942 in
379 891 644 957 hujusmodi
674 890 1034 943 emblematibus
1054 931 1070 953 ,

89 984 189 1034 quae
208 966 254 1011 in
275 962 493 1015 fiffilibus
509 961 728 1031 operibus
757 966 1072 1032 reperiuntur,

96 1031 311 1102 impressa
347 1035 526 1101 legitur,
549 1030 848 1092 abbreviare,
885 1037 961 1083 vel
991 1053 1072 1103 per

29 1147 39 1159 s
89 1105 351 1163 extensum,
371 1104 627 1171 expraediis‚
644 1122 741 1170 quae
764 1122 858 1152 vox
874 1104 1070 1154 denotat

91 1178 250 1224 locum
272 1177 408 1224 illum
424 1210 440 1233 ‚
472 1176 517 1221 in
537 1191 629 1240 quo
649 1173 808 1223 fietilia
835 1173 1069 1223 elaborata

91 1260 225 1294 erant
244 1282 254 1291 .
287 1247 445 1292 Etiam
477 1241 772 1301 abbreviare,
800 1246 977 1313 velper
994 1261 1068 1292 ex-

89 1313 276 1364 tensum
295 1313 487 1382 figulina
522 1332 615 1363 vox
639 1315 808 1382 legitur
822 1349 838 1371 ,
857 1332 955 1380 quae
971 1331 1068 1362 em-

91 1384 324 1453 ptoribus,
341 1386 390 1435 &
407 1381 647 1450 quibusvis
665 1386 765 1432 aliis
793 1381 1033 1432 officinam
1052 1420 1068 1442 ,

90 1454 170 1502 ubi
189 1451 352 1503 fietilia
365 1451 710 1502 fabricabantur
740 1452 841 1501 vasa
861 1453 1068 1511 ,indica-

90 1524 194 1572 bat.
213 1527 329 1574 Haec
350 1525 632 1592 praemittere
654 1524 768 1572 duxi
788 1523 844 1572 ad
860 1523 1070 1591 diffipan-

90 1593 200 1641 dam
218 1612 412 1642 omnem
430 1592 563 1642 dubii
594 1592 815 1641 nebulam
834 1629 850 1651 ,
882 1611 983 1659 quae
1010 1612 1068 1643 ex

88 1661 356 1726 hujusmodi
391 1664 585 1714 literatis
603 1665 715 1711 oriri
734 1660 879 1731 posset
893 1661 1069 1712 emble-

91 1732 327 1781 matibus.
358 1733 539 1782 Redeat
567 1751 688 1781 nunc
716 1734 838 1782 unde
867 1729 1072 1784 disceffe-

90 1816 164 1851 rat
184 1805 334 1852 oratio
354 1842 367 1864 ‚
385 1802 443 1851 ad
459 1804 771 1852 narrationem
791 1821 963 1871 nempe
991 1821 1069 1852 eo-

91 1873 294 1922 rundem
314 1873 674 1929 emblematum,
694 1891 793 1938 quae
811 1875 857 1920 in
874 1873 1069 1921 laudatae

90 1939 306 1992 Ecclesiae
323 1945 576 2012 S.Agnetis
592 1944 763 2011 tegulis
791 1945 1071 2011 reperimus,

86 2029 142 2059 ac
159 2009 402 2079 sequentia
419 2014 526 2061 sunt
540 2049 550 2059 .

90 2083 262 2132 OPVS
310 2083 613 2134 DOLIARE
649 2083 737 2133 EX
789 2083 1072 2132 PREDIS

95 2154 248 2202 AVG
287 2156 334 2201 N
367 2157 408 2203 C
439 2154 670 2203 COMIN
701 2154 1070 2202 SABINIANI.

195 2226 386 2291 Nempe
420 2244 431 2271 z
466 2224 577 2288 Opus
619 2222 784 2271 doliare
820 2245 873 2272 ex
900 2225 1074 2289 praediis

88 2290 288 2359 Auguft'i
313 2296 459 2344 nofi‘ri
492 2295 596 2345 Caii
617 2295 787 2345 Comini
812 2294 1069 2344 Sabiniani.

92 2362 167 2407 De
198 2365 281 2411 hac
311 2361 492 2412 familia
519 2366 743 2414 Cominia
776 2378 911 2414 vetus
943 2377 1079 2415 extat,

91 2425 341 2499 Inscriptio
389 2434 512 2500 apud
573 2436 838 2482 Gruterum
904 2433 1071 2502 pagina

93 2500 514 2556 DCCCCLXIX.
553 2520 681 2550 num.
734 2523 808 2551 11.
851 2507 1071 2571 Sequitur

91 2569 182 2615 alia
201 2572 375 2638 tegulae'
389 2569 635 2638 Inscriptio
651 2608 662 2618 .

93 2638 260 2688 OPV3
299 2641 625 2691 DOL-'IAR
679 2645 833 2692 DOM
873 2645 1072 2693 AVGG

93 2710 195 2756 NN
223 2713 334 2759 FIG
373 2712 734 2760 PAORNIAN
770 2713 1069 2762 CALVEN-

93 2778 166 2826 TI
203 2783 530 2832 MAXIMA.

159 2853 280 2917 Qae
317 2848 664 2917 per'extensum
703 2849 884 2898 reddita
908 2849 968 2900 fic
998 2852 1070 2903 so-

90 2934 243 2968 nant:
296 2922 413 2987 Opus
448 2922 609 2969 doliare
652 2921 937 2970 Dominorum
976 2924 1067 2973 Au-

83 2993 310 3057 guft'orum
339 2991 577 3040 noflrortim
607 2993 801 3059 figulina
837 2993 1069 3043 Faorniana

93 3061 308 3110 Calventi
332 3066 524 3109 maxima
555 3097 565 3107 .
597 3064 753 3109 Variae
787 3061 912 3128 apud
944 3064 1066 3111 Gru-

92 3137 244 3180 terum
275 3131 607 3199 Inscriptiones
640 3131 864 3198 leguntur
893 3130 950 3179 de
984 3133 1067 3182 hae

86 3191 264 3248 familia
281 3203 535 3250 Calventia
550 3237 559 3247 .
576 3205 630 3249 In
648 3200 733 3249 hac
752 3200 1066 3268 Inscriptione

86 3281 259 3315 vocem
295 3278 479 3323 maxima
509 3284 654 3329 noto,
685 3288 827 3339 quam
855 3271 984 3321 vocis
1013 3269 1066 3319 fi-

167 3337 371 3389 Par-III.

1061 258 1109 312 U

1181 260 1226 312 T
1345 259 1471 311 IX.
2015 280 2111 321 129

1124 332 1291 398 gulinae
1309 332 1599 393 adjetstivum
1619 342 1733 399 puto
1751 366 1767 388 ,
1799 331 1923 379 unde
1954 331 2000 378 in
2018 333 2105 382 hac

1126 402 1352 450 Calventi
1369 400 1557 450 officina
1575 414 1666 450 tres
1685 399 1889 470 figulinae
1906 400 2104 451 diversae

1126 470 1466 538 magnitudinis
1480 466 1836 520 formabantur.
1877 473 1991 519 Non
2023 471 2104 519 ab·

1126 537 1299 588 similes
1320 540 1533 609 figulinas
1567 543 1668 590 vidi
1689 558 1799 589 cum
1821 541 2072 608 epigraphe
2091 562 2105 591 ε

1125 610 1377 661 Domitiana
1416 618 1551 678 major
1582 646 1598 669 ,
1637 612 1687 662 &
1733 613 1986 662 Domitiana
2021 616 2104 660 mi-

1126 700 1201 732 nor
1223 717 1239 741 ,
1283 698 1425 729 unam
1445 698 1615 748 nempe
1654 681 1859 731 duorum
1886 682 2103 749 pedum-2

1124 752 1492 821 magnitudinis,
1514 754 1712 800 alteram
1734 751 1850 801 ver&
1879 749 2106 818 sesquipe-

1123 822 1193 870 dis
1214 858 1224 869 .
1263 821 1512 888 Qidquid
1544 819 1600 869 fit
1627 821 1684 870 de
1704 822 1789 870 hac
1815 821 2105 885 conjeetura,

1126 893 1226 940 aliis
1245 891 1602 941 examinandam
1621 909 1718 939 rem
1737 894 1950 959 relinquo
1965 926 1981 948 ,
1999 888 2107 941 edm

1126 959 1270 1011 modo
1288 962 1405 1009 mihi
1425 963 1554 1010 nulla
1581 959 1795 1028 suppetat
1815 965 1936 1011 ratio
1956 996 1966 1007 .
2005 963 2102 1009 Re-

1123 1031 1232 1089 stat,
1253 1029 1380 1099 quod
1410 1049 1597 1081 narrem
1635 1034 1680 1078 in
1717 1031 1874 1080 medio
1893 1031 2103 1099 periphe-

1123 1105 1200 1163 riae
1231 1097 1492 1169 expreffum
1520 1101 1671 1150 videri
1691 1103 1864 1150 Virum
1885 1101 2100 1151 stantem:

1123 1171 1267 1220 mod&
1290 1173 1347 1219 ad
1369 1184 1584 1237 quartam
1603 1172 1809 1238 tegulam
1834 1207 1845 1218 .

1192 1245 1246 1289 In
1267 1242 1349 1287 hac
1367 1243 1512 1308 igitur
1534 1242 1707 1307 legitur
1726 1275 1737 1287 .

1121 1312 1201 1362 ΟΡ
1223 1311 1357 1359 DOL
1379 1312 1466 1359 EX
1494 1310 1572 1356 PR
1605 1309 1833 1357 GRAVS
1870 1314 2019 1361 AVG
2047 1315 2099 1362 N

1123 1383 1316 1430 SERVI
1345 1380 1528 1428 MATI
1558 1378 1956 1429 RESTITVTI.

1192 1449 1552 1516 Inscriptionem
1570 1449 1688 1496 hanc
1711 1447 1771 1497 fic
1791 1451 2100 1516 interpretor:

1121 1522 1236 1587 Opus
1262 1522 1421 1570 doliare
1449 1540 1503 1569 ex
1525 1520 1699 1586 praediis
1732 1519 1866 1569 Graus
1902 1521 2101 1589 Augusti

1119 1594 1259 1643 noflri
1275 1592 1410 1659 firvi
1427 1590 1560 1640 Mati
1577 1591 1811 1641 Restituti.
1830 1593 1941 1639 Vox
1960 1591 2102 1641 (ἔναιμ-

1121 1662 1184 1711 est
1218 1679 1387 1709 nomen
1410 1662 1654 1728 proprium
1685 1661 1880 1728 praedii5
1914 1662 2104 1711 altera-³

1125 1748 1221 1781 vox
1239 1728 1373 1781 Masi
1391 1732 1614 1782 Reflituti
1638 1732 1681 1777 in
1701 1731 1992 1778 Gruteriana
2019 1735 2100 1781 In-

1124 1802 1376 1870 scriptione
1395 1819 1498 1868 pag.
1518 1801 1824 1851 DCXLVII.
1844 1817 2024 1861 num.5.
2043 1803 2104 1850 le-

1121 1875 1270 1941 gitur,
1287 1871 1351 1922 M
1355 1875 1490 1921 attoni
1508 1871 1803 1931 Reflituti3ex
1826 1870 1913 1917 hoc
1935 1868 2105 1929 infero,

1125 1944 1344 1990 ultimam
1379 1942 1567 1988 literam
1608 1942 1737 1988 vocis
1776 1938 1902 1989 Masi
1929 1976 1947 1998 ,
2002 1957 2104 2006 quae

1125 2009 1335 2061 difficilis
1362 2010 1486 2059 leRu
1505 2008 1599 2067 est,
1637 2005 1724 2058 esse
1748 2009 1791 2056 T
1810 2046 1821 2056 .

1194 2086 1250 2131 In
1276 2085 1435 2148 quinta
1459 2081 1615 2148 tegula
1633 2077 1821 2145 sequens
1850 2077 2103 2146 Inscriptio

1125 2149 1322 2200 vifitur:
1359 2152 1525 2201 OPVS
1557 2150 1860 2199 DOLIARE
1901 2151 1989 2199 EX
2026 2149 2099 2196 PL

1126 2221 1376 2281 EDIST13
1409 2217 1583 2267 scilicet
1607 2220 1722 2285 Opus
1747 2219 1908 2269 doliare
1936 2239 1990 2268 ex
1998 2232 2104 2285 prae-

1124 2294 1214 2341 diis
1247 2290 1375 2341 Lucii
1402 2290 1557 2339 Edisti
1582 2310 1593 2336 :
1636 2292 1681 2336 in
1713 2289 2102 2339 circumferentiae

1123 2362 1284 2412 medio
1301 2362 1385 2409 stat
1404 2360 1500 2408 Leo
1518 2358 1733 2428 gradiens
1754 2394 1764 2405 .

1193 2436 1329 2481 Sexta
1359 2431 1517 2497 tegula
1552 2430 1699 2485 hanc,
1735 2446 1834 2494 quae
1860 2425 2101 2496 sequitur,

1123 2504 1336 2553 continet
1351 2499 1650 2567 epigraphen.

1194 2573 1360 2623 OPVS
1386 2571 1521 2620 DOL
1550 2571 1639 2619 EX
1670 2569 1780 2616 FIG
1810 2568 2022 2619 PONTI

1194 2642 1457 2691 CLIANA
1489 2641 1576 2688 EX
1606 2639 1776 2684 PRED
1805 2640 1973 2687 CAES

1198 2717 1385 2779 Nempe
1412 2732 1422 2758 :
1461 2710 1576 2774 Opus
1602 2707 1763 2756 doliare
1788 2726 1844 2754 ex
1860 2712 2101 2777 figulinad

1126 2784 1399 2834 Ponticliana
1425 2799 1477 2828 ex
1503 2777 1680 2843 praediis
1707 2777 1881 2844 Caefhris
1901 2813 1911 2824 .

1195 2856 1249 2902 In
1269 2850 1428 2898 medio
1445 2848 1686 2894 Bovinum
1702 2848 1911 2894 cernitur
1942 2863 2099 2917 caput.
2150 2850 2151 2853 ¹

1191 2921 1355 2969 Aliam
1375 2933 1562 2984 quoque
1598 2917 1866 2965 invenimus
1894 2921 2102 2986 tegulam

1123 2989 1386 3059 posterioris
1431 2984 1582 3034 saeculi
1609 3021 1625 3044 ‚
1669 3003 1769 3052 quae
1804 2984 2103 3052 sequentibus

1121 3056 1463 3109 charaeteribus
1490 3054 1546 3102 ad
1561 3056 1756 3123 longum
1769 3066 1934 3105 ‘notata
1950 3057 2030 3107 est.

1260 3129 1395 3177 REG
1425 3129 1472 3174 D
1506 3128 1556 3173 N
1588 3126 1830 3176 THEOD

1261 3200 1431 3247 RICO
1457 3196 1653 3246 FELIX
1683 3198 1916 3246 ROMA.

1188 3270 1307 3336 Qae
1347 3269 1495 3318 literae
1523 3263 1585 3315 fic
1620 3267 1859 3335 integrum
1892 3263 2103 3316 reddunt

1605 3339 1651 3386 R
2004 3336 2104 3384 sen·
