2378 3674
679 196 1434 252 CAPVTVII·

1814 214 1881 255 61*

105 307 187 362 lati
219 302 361 368 operis
391 299 560 364 pistura
593 295 846 364 suppletum
877 294 964 345 fuit
1000 328 1014 352 ,
1018 324 1058 368 A
1073 293 1259 347 uertisset
1272 300 1457 349 relatum
1474 319 1745 363 nummum,
1770 313 1970 375 quitune

109 370 337 431 Pontificis
356 385 508 418 tamen
523 369 765 416 immutata
793 366 903 415 facie
920 399 935 424 ,
959 365 1015 415 de

107 447 250 499 Felice
270 444 316 489 in
334 441 608 508 Gregorium
625 441 852 505 Magnum
868 455 884 495 3
914 456 1012 505 quae

107 510 403 587 postmodum
418 543 434 569 ,
451 509 624 559 musmo
638 526 767 576 opere
783 541 799 568 ,
815 510 1011 558 Alexan-

107 589 177 637 dri
192 587 296 636 VII.
317 600 519 650 tempore
536 612 553 639 ,
568 579 725 639 studio,
740 589 786 630 δε
805 598 903 629 cura
919 581 1015 648 glo-

107 656 231 707 riosae
246 655 418 722 semper
442 656 668 702 memoriae
684 651 893 701 Francisci
905 657 1015 700 Car-

63 765 66 767 *
106 728 269 778 dinalis
285 725 512 776 Barberini
531 725 846 789 antiquitatum
861 739 1015 770 aman-

108 799 270 846 tiffimi
302 795 535 843 restaurata
547 793 630 843 fuit
645 825 661 853 ,
696 793 888 841 restituta
906 794 1016 840 Feli-

107 870 169 917 cis
200 864 427 916 Pontificis
458 864 566 914 facie
581 901 593 912 .
624 866 700 913 Ab
722 864 847 912 huius
867 862 1015 930 figurae

109 952 238 1005 tergo
255 935 383 984 arbor
397 937 561 986 Palmae
575 934 863 1001 videtur,quae
876 937 1013 983 etiam

107 1008 167 1056 ab
189 1009 383 1066 antiquis
413 1005 611 1054 fidelibus
629 1008 673 1053 in
689 1007 889 1071 pisturis,
905 1003 1013 1071 saepe

1072 386 1148 435 per
1180 387 1334 419 manus
1372 371 1514 420 adhuc
1540 374 1793 425 versabatur
1810 410 1824 435 ,
1858 399 1968 446 quo-

1071 441 1190 488 niam
1205 455 1382 490 centum
1402 447 1629 510 ostoginta
1643 448 1809 496 circiter
1825 465 1964 498 ante-⁴

1071 529 1210 560 annos
1236 512 1372 561 cuffu's
1401 514 1571 572 fuerat,
1601 519 1645 563 in
1672 518 1840 584 illoque
1862 522 1965 583 Epi-

1071 585 1287 648 graphem
1315 582 1578 649 insculptam
1612 584 1690 634 effe
1715 604 1728 633 ε
1757 591 1966 639 Felicium

1072 667 1310 722 temporum
1326 658 1536 723 reparatio
1552 675 1565 711 ς
1581 656 1663 703 hoc
1679 657 1801 705 idem
1821 659 1965 706 hiero-

1074 723 1339 790 glyphicum
1374 726 1584 790 applicari
1615 725 1732 791 poss'e
1759 728 1971 776 iudicauit

1073 793 1130 840 ad
1157 794 1282 842 illam
1306 794 1500 844 felicium
1519 809 1774 860 temporum
1794 815 1968 863 repara-

1073 866 1270 923 tionem,
1286 868 1331 913 in
1350 884 1436 932 qua
1454 868 1607 914 Genus
1624 867 1874 914 humanum
1891 884 1967 932 per

1071 935 1234 984 Christi
1250 939 1445 985 Domini
1462 936 1594 984 nostri
1613 935 1857 985 aduentum
1875 968 1890 992 ,
1918 937 1969 983 il-

1071 1005 1239 1073 liusque
1258 1008 1522 1074 paffionem,
1540 1008 1592 1056 ab
1611 1022 1768 1055 aeterna
1788 1006 1973 1054 damna.-

108 1080 300 1145 exprimi
320 1077 503 1133 solebat,
517 1076 668 1142 dequo
683 1078 784 1131 ritu,
801 1074 1013 1142 eiusque„
1026 1108 1059 1151 B
1073 1090 1195 1126 tlone
1210 1093 1462 1144 reparatum
1481 1110 1495 1136 ,
1510 1078 1668 1126 scilicet
1683 1077 1970 1143 redemptum

107 1147 236 1212 signo
263 1148 387 1209 plura
404 1147 495 1193 dixi
511 1149 558 1192 in
578 1162 681 1193 meo
697 1163 828 1212 opere
861 1145 915 1193 de
939 1152 1009 1194 Sa-
1071 1147 1154 1198 fuit
1171 1181 1183 1193 .
1212 1148 1461 1198 Audiamus
1480 1165 1712 1216 propterea
1732 1181 1746 1204 ,
1764 1147 1872 1213 quid
1890 1147 1974 1194 in.3'

108 1220 192 1265 cris
224 1213 400 1264 AEdifici
402 1215 441 1277 js
467 1214 493 1263 ἃ
519 1215 818 1264 Constantino
835 1217 1011 1282 Magno
1067 1217 1298 1283 propofito
1313 1219 1507 1266 themate
1524 1218 1683 1267 differit
1701 1217 1976 1266 Christianus

111 1285 369 1335 constructis
389 1289 502 1351 Cap,
525 1301 595 1335 ιο.
626 1284 728 1334 ideo
759 1286 1010 1335 calamum.-

112 1354 332 1424 suspendo
346 1388 359 1399 .

232 1422 378 1487 Prope
404 1421 533 1468 huius
560 1420 748 1469 Arboris
773 1422 1015 1474 verticem]

109 1495 304 1543 cernitur
335 1494 447 1538 Auis
464 1522 479 1543 ,
508 1491 533 1536 ὲ
565 1491 686 1536 cuius
715 1494 858 1557 capite
877 1496 1015 1544 veluti

111 1560 364 1633 splendores
383 1559 711 1626 erumpunt,vel
726 1577 856 1627 caput
869 1564 1015 1631 ipsum

111 1635 242 1684 stellae
274 1631 425 1680 medio
439 1629 684 1696 inpositum
704 1645 852 1680 tenet.
886 1636 1014 1699 Qid

112 1706 228 1755 Auis
242 1734 259 1761 ,
272 1703 471 1769 quidque
484 1700 741 1767 splendores
755 1735 770 1760 ,
783 1702 870 1751 fiue
886 1705 979 1754 stell
989 1724 1014 1753 a

110 1774 384 1840 fignificent3
417 1775 464 1821 in
490 1775 673 1820 illorum
704 1775 1002 1840 explicatione

113 1844 190 1893 diu
217 1861 377 1915 anceps
406 1843 501 1898 fui3
528 1842 712 1889 tandem
732 1844 827 1903 post
842 1849 1013 1912 cogita-

112 1917 257 1962 tiones
285 1923 428 1956 varias
456 1923 554 1952 mea
582 1914 630 1949 iu
656 1918 807 1951 mente
820 1917 1019 1958 reuolui,

111 1986 264 2032 'Auem
295 1977 451 2034 istam,
477 1973 730 2024 Phaenicem
761 1974 884 2021 illam
904 1972 926 2017 εὶ
946 1985 1018 2019 tot

114 2047 411 2116 Scriptoribus
426 2064 506 2114 pro
518 2046 649 2093 vnica
668 2074 683 2098 ,
699 2051 744 2091 δε
764 2041 1016 2089 immortali

115 2121 395 2170 decantatam
413 2113 650 2184 significare
671 2109 786 2179 posse
804 2131 818 2168 3
846 2126 1017 2189 atque...

115 2193 418 2239 conicum-am
444 2189 557 2236 hanc
589 2201 739 2232 meam
782 2181 928 2244 elijcm
967 2198 1019 2228 ex

117 2256 378 2308 Constantis
395 2268 586 2300 nummo
598 2282 613 2306 ,
626 2252 650 2298 a
665 2253 829 2296 Iacobo
849 2249 1019 2298 Oiselio

117 2330 162 2384 ¹T
164 2327 290 2377 abula
317 2326 480 2374 LVIII.
511 2339 635 2369 num.
653 2323 704 2368 V.
731 2320 869 2367 relato
893 2350 909 2374 ,
938 2320 1018 2370 vbi

119 2399 316 2449 Phoenix
332 2428 347 2452 ,
378 2393 549 2443 radiato
565 2394 707 2457 capite
726 2421 742 2446 ,
767 2389 907 2456 globo
924 2390 1021 2439 stel-

1071 1287 1146 1332 ille
1175 1288 1422 1352 Appuleius
1454 1292 1493 1335 S.
1505 1291 1624 1335 Zeno
1638 1286 1877 1351 Episcopus
1894 1291 1979 1332 Ve-

1073 1356 1267 1403 ronensis
1282 1358 1328 1404 in
1341 1356 1541 1405 sermone
1557 1357 1610 1404 de
1629 1354 1979 1409 Resurrestione,

1073 1427 1152 1492 qui
1181 1425 1236 1474 fic
1261 1425 1323 1474 ibi
1352 1427 1494 1475 fatur:
1522 1427 1714 1475 Phoenix
1744 1426 1837 1472 auis
1870 1423 1980 1472 illa...

1076 1527 1109 1554 „
1135 1495 1323 1562 pretiosa
1372 1497 1694 1545 resurrestionis
1746 1493 1974 1542 euidenter

1075 1598 1108 1626 „
1136 1584 1218 1615 nos
1236 1566 1391 1616 edocet
1407 1570 1525 1617 iura:
1545 1586 1643 1635 quae
1661 1565 1974 1614 nobilitatem-3

1075 1668 1107 1697 „
1136 1640 1306 1703 generis
1325 1636 1414 1694 sui,
1434 1657 1527 1688 non
1548 1638 1570 1686 εὶ
1593 1636 1849 1704 parentibus
1868 1635 1980 1681 acci-

1075 1737 1109 1768 „
1138 1706 1204 1773 pit
1221 1726 1234 1765 3
1249 1725 1343 1755 non
1359 1710 1504 1757 liberis
1523 1709 1682 1756 tradit:
1698 1705 1790 1773 ipsa
1808 1705 1880 1758 est,
1897 1702 1980 1750 fibi

1074 1810 1107 1837 „
1143 1793 1327 1844 vterque
1341 1777 1461 1827 sexus
1480 1778 1597 1844 :ipsa
1615 1779 1766 1824 omnis
1784 1772 1983 1821 affestus:

1022 1873 1106 1917 c„
1141 1846 1233 1907 ipsa
1249 1865 1417 1905 genus:
1443 1848 1534 1912 ipsa
1548 1847 1677 1896 finis:
1709 1842 1799 1908 ipsa
1819 1846 1983 1908 princi-

1075 1932 1108 1962 „
1143 1912 1270 1965 pium
1288 1928 1301 1952 ι
1326 1928 1420 1959 non
1440 1931 1492 1960 ex
1507 1916 1629 1956 coitu
1646 1911 1840 1959 nascitur
1857 1942 1873 1965 ,
1902 1922 1982 1955 ‘nea

1075 2003 1109 2032 „
1142 1969 1293 2018 officio
1313 1976 1462 2021 alieno
1478 1977 1691 2029 nutritur,
1709 1992 1802 2023 non
1823 1979 1960 2025 inuita
1973 2007 1993 2032 ,

1074 2074 1110 2102 ‚,
1141 2057 1237 2088 non
1252 2043 1514 2107 imprudens
1533 2048 1755 2102 moritur3
1787 2046 1860 2094 sed
1880 2064 1984 2095 cum

1073 2143 1107 2174 υ
1143 2125 1373 2159 maturum
1403 2114 1478 2161 leti
1508 2129 1684 2182 ternpus
1716 2115 1981 2170 aduenerit,

1074 2214 1106 2242 ‚,
1143 2180 1166 2227 a
1185 2180 1424 2248 semetipsa
1444 2187 1640 2234 excitatis
1657 2186 1782 2233 sacris
1800 2185 1981 2252 ignibus

1076 2286 1108 2314 υ
1143 2251 1432 2300 libentiffime
1461 2270 1770 2304 concrematur
1798 2275 1812 2309 3
1845 2255 1986 2318 sepul-

1076 2357 1109 2383 „
1143 2340 1268 2370 crum
1296 2321 1426 2371 nidus
1445 2321 1535 2379 est,
1564 2323 1629 2370 illi
1657 2323 1817 2372 fauillae
1838 2327 1984 2371 nutri-

1076 2415 1110 2454 ,5
1144 2405 1241 2437 ces:
1269 2391 1379 2438 cinis
1396 2392 1676 2460 propagandi
1693 2398 1890 2458 corporis
1917 2393 1981 2440 se-

124 2469 218 2517 lato
251 2465 469 2521 insistens,
496 2481 598 2511 cum
626 2459 716 2508 sole
731 2463 850 2507 iuxta
878 2459 1019 2528 splen-
1080 2498 1113 2525 „
1148 2478 1280 2518 men3
1306 2479 1427 2511 mors
1447 2465 1604 2511 natalis
1624 2462 1714 2511 dies
1732 2495 1746 2508 .
1769 2465 1979 2529 Denique

127 2536 288 2592 dente,
310 2554 358 2584 ac
375 2534 643 2602 epigraphe:
674 2534 884 2582 Felicium
917 2548 1021 2584 tem·
1081 2569 1114 2597 >³
1150 2533 1248 2600 post
1274 2549 1561 2582 momentum
1579 2534 1685 2582 festo
1714 2534 1882 2580 exultat
1917 2554 1980 2581 η,

125 2624 281 2678 porum
298 2607 533 2673 reparatio.
561 2604 705 2651 Cuius
720 2602 1069 2674 hieroglyphi-I)
1084 2640 1115 2668 υ
1152 2605 1356 2661 tumulo‘,
1389 2622 1482 2652 non
1500 2606 1659 2653 vmbra
1688 2603 1760 2652 sed
1791 2606 1947 2651 veritas
1966 2635 1982 2660 ,

131 2678 173 2724 ci
184 2675 538 2741 explanationem
553 2671 741 2722 Oiselius
767 2672 958 2733 desumit
974 2695 1024 2727 ex
1087 2712 1118 2739 ³³
1153 2693 1247 2723 non
1264 2678 1433 2742 imago,
1451 2674 1521 2724 sed
1540 2676 1749 2731 Phoenix,
1763 2690 1854 2720 non
1870 2675 1952 2720 alia
1968 2705 1983 2729 ,

131 2751 236 2811 Oro
276 2746 488 2810 Apolline
536 2743 611 2793 lib.
639 2747 696 2791 ΙΙ.
741 2745 1022 2814 hieroglyph.
1085 2783 1117 2810 7,
1152 2745 1224 2797 sed
1240 2749 1446 2813 quamuis
1463 2747 1621 2795 melior
1653 2746 1736 2793 alia
1755 2775 1769 2799 ,
1803 2756 1987 2795 tamem,

133 2817 229 2882 cap.
248 2817 358 2862 LIV·
393 2813 500 2861 vbi:
529 2812 828 2867 A’womwisam
859 2817 918 2864 Ν
947 2840 1024 2867 wo·
1084 2854 1117 2881 7,
1153 2820 1272 2886 prior
1286 2815 1404 2883 ipsa.

137 2884 338 2950 λυχξᾶνων
376 2883 578 2942 βῖἎὸόθΡῡῑ
612 2887 782 2946 anubim
816 2919 832 2944 ν
876 2886 1025 2947 Φθῖνικα.
1192 2893 1259 2937 Ex
1287 2889 1435 2935 relatis
1463 2888 1596 2952 igitur
1625 2884 1677 2932 de
1710 2884 1792 2930 hoc
1811 2880 1982 2928 musmo

140 2955 184 3005 τὸ
214 2959 326 3019 ὄρνεον
356 2953 600 3020 ζωνραφὲστν
619 2987 632 3000 ·
661 2960 1029 3023 Instaurationem
1087 2958 1426 3025 hieroglyphico
1440 2958 1582 3004 lucem
1598 2955 1793 3018 aliquam
1813 2949 1982 2998 desumi

144 3041 289 3078 autem
325 3027 583 3075 diuturnam
621 3057 637 3083 ,
680 3042 767 3087 εγ,
805 3046 892 3092 quae
936 3031 1029 3097 post
1089 3029 1206 3097 poffe
1228 3029 1415 3092 opinor.
1444 3028 1485 3072 Si
1503 3037 1669 3071 metam
1685 3023 1920 3087 attigerim,
1937 3035 1985 3067 tu

147 3099 291 3148 multa
324 3097 416 3161 fiat
435 3097 587 3163 ficula
625 3128 642 3154 ,
684 3097 869 3145 volentes
914 3099 1030 3147 indi-
1091 3099 1251 3150 videris
1272 3099 1575 3151 Lectormam
1589 3095 1728 3142 fateor
1747 3110 1817 3138 me
1833 3090 1985 3139 OEdi-

144 3183 243 3216 care
275 3168 502 3216 Phaenicem
549 3184 673 3218 auem
703 3171 920 3237 pingunt·
950 3171 1037 3214 Pu·
1095 3186 1204 3237 pum
1222 3181 1314 3212 non
1329 3164 1520 3223 effe,sed
1536 3181 1589 3211 ne
1605 3166 1770 3212 ieiunus
1787 3177 1985 3207 remane-

151 3237 377 3305 toigitur,
404 3235 529 3304 und
558 3240 705 3304 Pistor
731 3250 829 3287 tum
841 3235 1040 3291 animad,
1099 3239 1240 3298 re52in
1259 3234 1652 3303 tuigratiamillius
1670 3234 1834 3282 tentaui
1851 3230 1986 3296 expli-

1786 3315 1924 3348 catroe
