2378 3674
585 217 1321 309 &APVTJJQ
1777 267 1834 314 17

59 340 447 397 ⁴„h'srintroduxerat
467 357 477 385 :
508 341 713 388 nonnulli
734 356 835 389 vero
854 358 1001 406 con-A
1018 341 1041 389 :l
1061 343 1218 409 quibus
1253 346 1525 408 Christiana,
1554 351 1599 402 δέ
1631 356 1896 407 catholica...

79 414 256 462 ditionis
275 410 355 458 suae
372 410 655 458 immemores
670 441 689 465 μ,
701 410 865 457 laicalia
885 430 960 477 ge·
1018 414 1164 461 exulat
1184 407 1372 482 'Religio
1392 449 1407 474 ⁷
1425 421 1507 468 viri
1522 423 1585 469 illi
1602 429 1797 474 mentitis
1818 445 1895 474 ve-

81 481 233 530 rebant
251 479 508 530 vestimenta
528 513 539 523 .
558 480 686 527 Clare
704 478 749 526 id
782 478 957 529 deduci-
1016 481 1148 528 stibus
1163 484 1208 529 in
1225 486 1320 532 illas
1338 485 1378 533 se
1395 489 1625 541 conferunt
1640 511 1794 560 parteS.
1810 495 1894 544 As-

28 609 31 611 <
81 566 150 599 tur
186 570 239 598 ex
258 554 443 599 Canone
463 566 502 609 3.
530 552 669 598 Cone.
692 566 730 599 1·
759 552 955 597 Romani
1016 549 1250 600 fertionem
1266 554 1378 602 hane
1405 558 1705 612 celeberrimus
1723 569 1899 630 Purpu-

80 620 213 669 habiti
231 620 307 668 sub
324 620 526 669 Zacharia
540 619 714 666 summo
746 618 954 667 Pontifice

59 719 61 721 ·
78 708 198 739 anno
212 706 321 754 743.
341 693 417 757 qui
434 690 488 738 sic
505 689 545 736 se
561 688 715 736 habet:

81 792 113 818 ³,
148 766 206 810 Vt
221 761 459 827 Episcopus
474 791 489 817 2
503 758 760 825 Presbyter,
781 767 824 806 ὃ(
842 759 952 805 Dia-

77 861 106 887 „
131 848 266 878 conus
296 830 551 878 secularibus
582 830 850 877 indumentis
871 831 954 875 mi-

76 931 109 956 „
137 901 258 947 nime
274 915 468 956 vtantur,
483 898 559 947 nifi
574 931 588 954 ‚
603 913 650 948 vt
666 898 872 945 condecet
885 914 954 946 tu-

76 1002 106 1027 „
133 972 228 1016 nica
243 969 520 1018 sacerdotali.
540 968 620 1016 Sed
640 985 715 1014 nec
732 967 841 1015 dum
859 987 954 1016 am-

73 1072 104 1097 „
132 1039 343 1088 bulauerit
368 1043 415 1087 in
447 1041 666 1090 Ciuitate,
699 1052 772 1083 aut
790 1040 836 1084 in
853 1043 920 1088 via
937 1070 952 1094 ,

1013 634 1131 667 ratus
1146 625 1360 670 Baronius
1376 625 1432 671 ad
1447 644 1611 679 annum
1633 649 1739 695 370.
1767 651 1892 682 num.

1016 694 1059 736 8.
1095 693 1299 756 exemplo
1325 711 1377 740 ex
1403 696 1687 750 Theodoreto
1717 702 1892 750 desum-

1012 773 1107 824 pt0‚
1126 758 1291 817 firmat,
1306 761 1506 823 scribens,
1517 769 1752 820 Eusebium
1772 771 1894 837 Epis-

1011 845 1175 895 copum
1205 830 1569 896 Samosatenurn,
1601 857 1700 888 cum
1734 843 1895 890 multas

1011 898 1213 947 Ecclefias
1243 900 1489 952 Pastoribus
1520 910 1694 958 orbatas
1720 912 1891 960 intelle-

1011 967 1160 1025 xiffet,
1190 969 1344 1018 habitu
1375 976 1583 1035 militari,
1615 981 1672 1027 ob
1703 983 1893 1029 Ariano-

1011 1056 1108 1085 rum
1128 1053 1299 1087 metum
1316 1073 1330 1097 ,
1355 1042 1578 1103 indutum,
1596 1059 1640 1097 δε
1656 1053 1793 1115 capite
1809 1050 1893 1097 thi-

72 1141 103 1169 ‚,
130 1124 205 1155 aut
220 1112 266 1154 in
282 1112 435 1173 plateis
450 1109 536 1154 sine
552 1107 826 1170 operimento
845 1123 946 1169 prae-
959 1123 990 1160 Β
1009 1122 1080 1148 ara
1108 1123 1263 1167 operto
1291 1114 1463 1171 Syriam
1479 1147 1492 1170 ,
1510 1119 1784 1166 Phoenifflam
1803 1150 1818 1173 ,
1847 1136 1896 1165 ac

57 1205 99 1238 u„
131 1176 274 1224 sumat
304 1175 557 1230 ambulare,
591 1190 741 1238 praeter
768 1171 947 1222 stiniti-

76 1277 109 1303 „
137 1264 237 1294 nere
252 1248 389 1310 longo
413 1244 701 1292 ambulauerit
715 1275 726 1287 .

142 1319 181 1364 Si
198 1318 330 1379 igitur
353 1332 447 1360 mos
467 1313 540 1358 iste
557 1314 668 1358 inter
682 1309 920 1379 Episcopos
937 1343 950 1367 ,

75 1383 370 1449 Presbyteros,
385 1399 432 1428 ac
445 1378 822 1436 Diaconoswestes
838 1383 952 1430 secu-

73 1458 181 1503 lares
206 1451 398 1517 gestandi
443 1468 560 1498 anuo
591 1465 707 1511 743.·
740 1453 946 1519 vigebat,

75 1538 243 1590 quanto
259 1524 399 1588 magis
414 1539 532 1568 anno
555 1532 759 1587 600.quo
775 1537 949 1589 tempo-

74 1613 118 1642 re
133 1595 279 1640 floruit
294 1591 518 1657 Agilulfus
533 1623 547 1647 ,
567 1609 666 1638 cum
681 1597 793 1657 leges
805 1625 821 1650 ‚
853 1611 948 1658 quae

77 1663 269 1711 eduntur
283 1694 299 1718 ,
312 1660 464 1708 abusus
479 1665 568 1708 iam
586 1677 633 1709 vt
666 1663 906 1727 plurimum
925 1662 948 1709 a

72 1735 210 1799 longo
237 1747 437 1796 tempore
467 1730 768 1789 introductos,
816 1734 948 1781 corri-

1006 1170 1265 1220 palestinam
1282 1181 1582 1238 peragraffe,ac
1598 1185 1895 1250 PresbyterOS,

1013 1250 1057 1288 δε
1076 1243 1305 1288 Diaconos
1324 1245 1474 1294 creasse
1490 1283 1500 1294 .
1538 1256 1639 1299 Haec
1658 1256 1801 1317 praxis
1816 1256 1895 1301 hu-

1010 1309 1201 1357 iusmodi
1233 1312 1428 1377 gestandi
1462 1320 1596 1369 vestes
1626 1321 1647 1368 a
1681 1322 1892 1371 similibus

1011 1383 1115 1429 viris
1142 1381 1350 1430 omnibus
1378 1390 1607 1439 notissima
1624 1392 1897 1448 est3nostro-

1011 1469 1097 1516 que
1113 1468 1206 1499 aeuo
1221 1453 1321 1500 clar.
1338 1473 1473 1506 mem.
1493 1461 1714 1509 christina
1731 1466 1898 1527 Succo7

1007 1539 1124 1576 rum,
1140 1522 1532 1596 Vandalorumque
1549 1535 1719 1598 Regina
1738 1535 1893 1580 catho—

1009 1592 1139 1637 licam
1156 1594 1403 1658 amplecteti
1433 1603 1585 1650 volens
1598 1605 1855 1668 religionem
1876 1634 1891 1659 ‚

1006 1659 1166 1708 secreto
1185 1661 1297 1709 duos
1314 1665 1368 1711 ad
1384 1666 1424 1715 se
1445 1674 1619 1719 vocauit
1638 1676 1891 1737 omnigenae⁴

1005 1728 1189 1779 scientiae
1217 1733 1461 1796 praestantes
1492 1744 1609 1788 viros
1625 1773 1640 1797 ,
1666 1742 1824 1805 nempe
1840 1746 1887 1791 P.

75 1802 412 1869 gant.Vlterius
433 1799 577 1856 add03
606 1801 863 1857 vestesillae,
897 1803 947 1848 li-
1007 1796 1227 1856 Malineffi
1256 1813 1299 1850 εἰς
1332 1810 1379 1856 Ι),
1413 1809 1560 1859 (ἶώῑὶ
1590 1814 1683 1857 Soc.
1713 1809 1788 1857 Ies.
1808 1813 1886 1875 qui

74 1872 149 1919 cet
164 1871 334 1919 laicales
365 1883 628 1935 appareant,
659 1870 992 1926 nihilominusC
1007 1883 1221 1934 tauquam
1264 1875 1434 1925 nobiles
1478 1880 1579 1928 Itali
1623 1879 1884 1928 curiositatis

71 1940 342 2006 Episcopales
356 1939 453 1986 sunt
469 1971 482 1995 ,
498 1938 526 1986 si
547 1941 764 2006 integram
782 1939 942 1990 fidem„
1001 1938 1139 2004 gratia
1153 1971 1168 1996 2
1183 1956 1346 1993 exteras
1363 1965 1643 2017 peragrantes
1661 1953 1887 2016 Regiones

73 2010 258 2077 praebere
287 2009 470 2058 velimus
502 2010 669 2066 Paleae,
700 2029 795 2076 quave
810 2011 942 2059 habe-
1001 2011 1139 2056 laicali
1155 2013 1308 2060 habitu
1335 2020 1609 2067 Stocolmum
1628 2052 1640 2075 ‚
1671 2025 1888 2085 Regiam-2

73 2095 141 2127 tur
156 2079 249 2127 dist.
269 2090 348 2135 96.
375 2096 468 2145 cap.
495 2080 809 2128 Constantinus
831 2084 941 2148 ilse'-

72 2152 202 2199 condo
220 2168 230 2196 :
261 2151 333 2198 vbi
347 2148 465 2196 idem
484 2153 726 2216 Imperator
741 2151 940 2199 concedit

71 2219 285 2285 Syluestro
303 2218 478 2268 stimmo
495 2220 710 2277 Pontifici,
726 2220 939 2286 eiusque„

72 2287 492 2345 successb1·ibus,inter
508 2290 588 2337 alia
602 2294 797 2358 corporis
812 2309 939 2338 orna-

999 2079 1161 2127 Vrbem
1174 2112 1190 2138 ,
1205 2081 1246 2128 se
1262 2087 1509 2137 conferrent
1524 2121 1537 2146 ‚
1570 2105 1618 2137 vt
1634 2090 1724 2137 fuse
1743 2104 1887 2136 narrat

1000 2153 1166 2197 Comes
1200 2154 1425 2204 Galeatius
1455 2159 1655 2206 Gualdus
1686 2161 1730 2204 in
1759 2159 1886 2224 ipsius

999 2222 1172 2285 Regina}
1190 2225 1279 2268 vita
1298 2262 1307 2272 .
1326 2227 1390 2271 Ex
1409 2229 1887 2292 narratisigitt11·‚1no-

998 2305 1051 2337 tae
1068 2288 1311 2339 difficultati
1328 2325 1344 2351 >
1366 2295 1418 2342 de
1434 2297 1645 2362 Baptismi
1662 2298 1883 2353 Ministro,

74 2373 221 2405 menta
239 2359 539 2426 Chlamydem
556 2379 817 2428 purpuream
829 2394 845 2418 ,
875 2376 942 2409 at·
1001 2377 1072 2407 me
1086 2358 1324 2419 satisfecisse
1340 2365 1452 2414 duco
1469 2399 1484 2423 2
1497 2376 1540 2415 &
1561 2367 1616 2414 ad
1631 2365 1886 2422 secundam,

75 2444 158 2490 que
175 2431 363 2476 tunicam
388 2432 633 2478 coccineam
650 2464 664 2488 ‚
696 2442 739 2480 &
756 2435 944 2480 omnia„
1006 2429 1198 2496 superius
1214 2435 1360 2495 etiam'v
1379 2436 1563 2484 adducta
1582 2435 1884 2484 difficultatem

74 2496 309 2560 imperialia
334 2499 592 2548 indumenta
611 2533 625 2557 ‚
665 2521 760 2567 qua:
788 2520 950 2568 appro-
1008 2501 1060 2548 de
1075 2500 1288 2566 Baptismi
1306 2505 1450 2554 forma
1469 2525 1539 2555 me
1556 2522 1781 2556 conuertO.

70 2567 264 2628 priantur
281 2568 354 2632 ipsi
365 2567 507 2635 figura?
523 2575 567 2618 in
590 2573 864 2638 Sarcophago
878 2593 950 2620 ex·
1074 2573 1139 2617 Ex
1158 2575 1197 2618 S·
1213 2577 1443 2640 Cypriano
1459 2579 1504 2623 in
1521 2577 1639 2643 epist.
1662 2594 1732 2636 359.
1747 2576 1801 2624 ad
1819 2580 1886 2624 Fi-

75 2631 215 2696 preffse
232 2668 243 2678 .
272 2639 370 2684 Haec
386 2639 414 2685 s1
445 2642 746 2690 admitteretur
763 2646 917 2708 opinio
931 2661 990 2724 3D
1006 2639 1115 2689 dum
1131 2642 1396 2712 Episcopum
1413 2647 1643 2704 habemus,
1660 2647 1780 2712 quod
1800 2665 1882 2709 <guo

72 2704 225 2767 vtique
253 2710 583 2758 controuersiam
620 2714 755 2759 Palea:
785 2713 942 2760 confir·
1002 2710 1078 2758 suo
1097 2715 1295 2763 Minister
1331 2716 1535 2783 baptismi
1567 2718 1661 2784 post
1690 2716 1884 2765 sacrum„

61 2789 230 2827 .marct,
246 2772 315 2819 sed
332 2792 430 2821 cum
445 2780 487 2823 in
508 2780 823 2843 praesentiarum
843 2785 946 2830 alie-
1003 2786 1245 2831 Lauacrum
1267 2791 1521 2852 Baptizatos
1537 2787 1885 2841 deosculabatur,

73 2856 279 2890 natorum
296 2844 477 2891 fratrum
491 2864 694 2898 numerus
721 2852 913 2901 abundet
929 2887 943 2909 ,

72 2911 184 2958 lianc
203 2931 378 2977 quoque
395 2932 468 2960 om
477 2919 607 2964 mitto
622 2924 911 2970 coniecturam
927 2955 941 2979 ,

76 2988 121 3027 δε
136 2979 191 3027 ad
210 2985 436 3030 certiorem
454 3003 523 3030 me
539 3003 749 3035 conuerto
767 3029 776 3038 .

159 3051 294 3116 Apud
327 3057 532 3118 antiquos
567 3074 664 3102 mos
715 3059 824 3112 fuit,
867 3062 942 3123 qui

73 3117 207 3166 adhuc
244 3123 361 3185 viget
386 3153 401 3177 ³
431 3132 473 3170 ὃς
507 3128 726 3182 seruatur3
764 3129 944 3192 quando

73 3190 310 3251 Apoll-ono
347 3195 434 3239 Viri
451 3224 464 3247 2
507 3195 562 3241 ad
596 3196 944 3259 praedicandums

70 3258 357 3325 Euangelium
378 3264 610 3313 mittuntur
627 3268 672 3312 in
695 3270 915 3332 Regiones
931 3299 945 3324 ,

1001 2854 1054 2901 sic
1068 2858 1186 2901 enim
1203 2857 1277 2904 iste
1295 2858 1455 2905 Christi
1469 2859 1650 2904 Athleta
1668 2858 1880 2921 loquitur.
1937 2888 1944 2895 ·

1001 2955 1032 2979 υ
1073 2927 1198 2972 Nam
1215 2931 1369 2975 DEVS
1382 2941 1429 2974 ut
1449 2927 1682 2991 personam
1702 2942 1792 2971 non
1811 2943 1884 2972 ae-

1002 3024 1034 3048 „
1060 2997 1165 3059 cipit
1183 3026 1198 3050 2
1214 2996 1357 3042 sicnec
1385 3010 1548 3058 etatem
1570 3027 1584 3050 ,
1611 3013 1712 3042 cum
1729 2993 1769 3040 se
1785 3013 1887 3041 om-

1002 3093 1032 3118 „
1064 3066 1190 3110 nibus
1221 3065 1275 3111 ad
1306 3064 1652 3129 Coelestisgratie
1684 3062 1886 3110 consecu-

1003 3162 1033 3186 η
1063 3135 1231 3180 tionem
1248 3134 1494 3197 aequalitate
1526 3133 1680 3180 librata
1697 3133 1876 3196 prebeat

1005 3230 1034 3256 2,
1064 3207 1239 3249 Patrem
1257 3235 1270 3247 .
1293 3202 1434 3254 Nam,
1450 3211 1493 3250 δέ
1511 3203 1634 3268 quod
1653 3204 1884 3266 vestigium

1005 3302 1038 3328 2,
1066 3273 1246 3320 infantis
1261 3274 1463 3340 inprimis
1480 3289 1627 3339 partus
1646 3270 1708 3318 sui
1736 3270 1886 3318 diebus

1146 3345 1187 3388 C
1278 3338 1280 3340 ’
1351 3338 1359 3340 ’
1560 3338 1563 3340 ’
1665 3339 1818 3389 consti-
