2378 3674
272 272 364 317 128
646 260 762 309 DE
836 253 1228 305 SACRIS

1301 248 1894 304 AEDIFICIIS

288 347 397 384 trix.
459 331 633 398 Opibus.
684 328 882 378 Noft'ris.
926 326 1025 375 Per.
1068 324 1238 373 Saecula.
1293 339 1404 370 cum
1435 321 1728 369 enunciando
1762 324 2164 388 explanationem.
2233 324 2235 326 ’

410 402 569 471 Longa.
607 397 806 447 Tene-bis.

282 474 492 534 0.Felix.
552 470 694 535 Virgo.
741 465 1033 516 Memorandi.
1089 464 1243 514 Nomi-

409 547 490 589 nis.
523 539 684 606 Agnes.

337 612 508 661 Nullos
539 608 718 654 labores
747 641 763 663 ,
814 603 1052 671 nullasque
1091 601 1246 652 omisi-

267 699 371 729 mus
404 678 669 745 diligentias
698 711 713 731 ,
766 694 850 742 pro
884 677 1016 736 hujus
1055 671 1243 739 insignis

268 747 471 799 Basilica:
517 747 716 811 antiquis
772 744 1048 811 indagandis
1093 745 1243 790 moni-

266 819 436 866 mentis
453 852 468 873 ,
506 833 711 881 quorum
738 815 963 862 nonnulla
984 813 1133 860 adhuc
1169 810 1242 859 su-

267 885 487 956 persunt,
505 903 672 951 nempe
694 886 739 930 in
756 882 968 932 Ecclefiae
985 883 1118 931 tectis
1131 918 1145 939 ,
1163 880 1243 929 ubi

265 958 427 1005 multae
447 952 658 1010 visuntur
686 956 886 1019 antiqua?
918 954 1087 1019 tegula?
1107 988 1122 1009 ,
1161 954 1247 999 in...

266 1025 433 1094 quibus
451 1026 642 1072 literatae
663 1021 766 1071 sunt
783 1037 895 1071 rotae
911 1058 927 1080 ,
965 1023 1111 1069 literae
1132 1019 1247 1068 scili.

268 1110 342 1145 cet
360 1098 406 1142 in
430 1111 607 1162 gyrum
625 1090 854 1160 dispositae
873 1129 888 1151 ,
922 1110 973 1139 ac
992 1105 1096 1139 ante
1119 1104 1251 1158 tegu-

269 1168 424 1215 larum
448 1164 709 1213 costionem
740 1160 896 1230 figillo
927 1160 1129 1226 quodam
1160 1163 1250 1207 im-

269 1231 449 1304 pressae,
478 1234 534 1282 de
553 1232 719 1298 quibus
734 1229 1031 1281 differuimus
1053 1231 1186 1296 supra
1205 1233 1250 1277 in

270 1309 388 1371 Cap.
411 1308 506 1352 Ill.
540 1300 778 1350 occaslone
813 1303 1054 1352 Vaticanae
1094 1297 1250 1347 Basili-

271 1373 712 1437 cae3earundemque
737 1385 947 1419 rotarum
967 1368 1247 1418 emblemata

270 1446 414 1492 etiam
431 1444 676 1491 retulimus
696 1443 742 1487 in
761 1441 1253 1505 Tab.VI.Propterea,

270 1528 325 1560 ut
342 1512 456 1579 quid
475 1513 589 1560 certi
613 1529 670 1559 ex
691 1509 960 1573 hujusmodi
982 1507 1253 1557 venerandis

273 1580 630 1648 antiquitatibus
648 1581 896 1648 decerpere
917 1581 1249 1636 valeamus‚te-

271 1654 404 1701 &um
422 1650 605 1699 ascendi
627 1686 641 1707 ,
679 1650 929 1717 diligenter
960 1650 1137 1716 tegulas
1158 1647 1253 1697 fer}

272 1740 436 1770 omnes
456 1719 772 1788 perscrutavi,
801 1739 910 1786 quas
931 1718 1130 1786 lingulas
1150 1737 1249 1767 em-

271 1789 476 1839 blemata
510 1792 748 1838 continere
792 1788 970 1857 inspexi
1005 1825 1020 1845 ,
1075 1787 1152 1836 sed
1187 1809 1251 1837 a„

270 1862 495 1928 temporis
513 1860 824 1908 diuturnitate
845 1862 906 1906 ita
928 1860 1248 1924 coinquinata,

273 1944 328 1977 ut
345 1930 545 1995 quadam
562 1931 725 1975 tartari
745 1928 893 1996 specie
912 1928 1085 1976 eaedem
1106 1929 1250 1976 litei-:e

274 1998 488 2048 obduetae
522 1997 649 2058 fint3
697 2000 1006 2046 nihilominus
1040 1998 1252 2045 adhibita

272 2068 557 2136 diligentisi,
592 2085 690 2133 quae
726 2086 781 2116 ex
817 2069 908 2115 illis
939 2085 1100 2115 eruere
1134 2068 1251 2114 mihi

276 2140 441 2193 licuit,
482 2137 554 2184 liic
584 2141 628 2183 in
665 2137 958 2185 curiosorum
988 2136 1124 2184 simul
1152 2172 1168 2194 ,
1203 2155 1254 2184 ac

275 2208 573 2256 eruditorum
595 2208 793 2275 gratiam
826 2207 999 2256 refero.

343 2278 525 2324 Primus
554 2275 709 2325 versus
738 2280 1020 2325 exteriorem
1040 2313 1054 2334 ,
1093 2277 1253 2325 secun-

276 2346 360 2394 dus
395 2361 549 2394 autem
588 2349 860 2395 interiorem
891 2350 1103 2394 continet
1139 2348 1256 2414 peri-

274 2417 555 2482 pheriam‚&
570 2415 676 2461 crim
696 2415 975 2464 abbreviatae
994 2414 1080 2463 sint
1096 2434 1254 2472 voces,

275 2499 419 2553 prout
439 2482 652 2551 expreffae
673 2483 804 2542 sunt,
824 2483 904 2532 sub
931 2488 1092 2533 oculos
1113 2503 1254 2552 pono;

275 2553 445 2602 deinde
475 2556 666 2601 illarum
702 2556 1066 2621 explicationem
1104 2568 1252 2603 tenta·

277 2623 336 2671 bo
356 2660 366 2669 .
407 2626 480 2670 Sic
503 2625 649 2690 igitur
667 2621 709 2670 se
731 2623 930 2671 habent:

275 2695 359 2743 ΟΡ
396 2695 530 2742 DOL
565 2695 650 2742 EX
685 2694 761 2740 PR
786 2695 984 2742 AVGG
1013 2697 1115 2741 NN
1145 2695 1253 2741 FIG

276 2763 735 2811 TERENTIANA
752 2764 906 2811 AELI
928 2765 1251 2812 VICTORIS

356 2833 650 2900 Epigraphen
689 2833 802 2879 hanc
842 2835 907 2879 ita
948 2835 1251 2899 interpretor:

276 2903 392 2966 Opus
419 2904 577 2951 doliare
619 2924 673 2951 ex
703 2904 880 2967 praediis
928 2904 1254 2970 Auguft'orunm

275 2974 510 3021 nostrorum
540 2974 741 3041 Figulina
772 2973 1033 3023 Terentiana
1061 2973 1167 3025 AEli
1188 2976 1256 3026 Vi-

275 3043 403 3091 Horis
421 3079 431 3088 .

359 3115 433 3160 Ne
464 3114 511 3159 in
546 3111 667 3159 hisce
694 3118 850 3173 jejuna
876 3114 1072 3180 legentis
1103 3131 1249 3161 rema-

275 3193 381 3227 neat
398 3180 636 3230 curiositas
650 3217 666 3238 ,
695 3182 1028 3248 aliquantisper
1045 3202 1069 3229 a
1091 3181 1250 3231 brevi-

277 3250 382 3296 tatis
412 3249 548 3318 scopo
577 3252 846 3311 divertam,
884 3252 1140 3301 earundem
1172 3271 1252 3301 vo·

1361 390 1599 440 Fistilium
1633 388 1852 438 vasorum
1885 410 2000 459 opus
2024 429 2040 452 ,
2084 392 2214 460 quod
2241 410 2268 439 a

1296 461 1450 529 figulis
1468 457 1734 508 elaboratur
1749 494 1765 516 ‚
1796 459 1972 526 duplex
1990 477 2091 512 erat
2106 479 2269 531 genus,

1299 536 1499 580 alterum
1519 529 1633 577 rude
1647 564 1662 586 ,
1698 530 1903 577 alterum
1920 534 2034 578 vero
2051 531 2270 601 diligenti

1299 598 1515 650 minerva
1533 601 1930 668 compaginatum.
1952 601 2271 660 Primum,hoc

1296 672 1360 721 est
1376 669 1512 728 ,rudi
1542 668 1757 718 minerva
1776 666 2083 719 fabrefactum
2099 705 2115 727 ,
2149 669 2269 719 cras-

1297 740 1399 789 sum
1424 742 1570 787 etiam
1596 753 1694 787 erat
1717 776 1728 786 .
1767 742 1932 788 Hocce
1957 758 2075 808 opus
2104 757 2272 808 magna

1297 807 1574 877 respiciebat
1603 807 1710 857 vasa
1739 844 1755 866 ,
1807 811 2040 877 praecipue
2067 810 2194 858 dolia
2217 809 2274 857 ad.

1300 883 1410 929 vina
1433 878 1744 937 continenda,
1781 897 1879 945 quae
1897 881 2110 946 plurium
2132 877 2275 927 cado-

1301 967 1407 998 rum
1426 950 1608 1015 capacia
1628 962 1759 996 erant
1774 984 1790 1005 ,
1821 950 1869 999 &
1887 950 2039 997 adhuc
2062 949 2200 997 hodie
2226 950 2274 995 in

1301 1016 1577 1074 Pontificio,
1608 1018 1799 1084 aliisque
1819 1022 2102 1085 Magnatum
2129 1017 2276 1071 Urbis

1302 1088 1537 1139 viridariis
1557 1085 1773 1135 visuntur
1789 1110 1803 1148 3
1822 1106 2061 1154 unumque
2081 1088 2280 1136 incredi-

1304 1160 1409 1208 bilis
1440 1157 1783 1224 magnitudinis
1813 1176 1888 1207 me
1923 1157 2087 1207 vidisse
2124 1175 2281 1206 recor-

1304 1231 1418 1286 dor,
1457 1227 1583 1293 quod
1613 1226 1831 1276 omnibus
1859 1230 1979 1276 illud
2007 1229 2168 1277 videre
2197 1244 2279 1275 cu-

1306 1297 1540 1368 pientibus
1560 1310 1716 1364 patens
1741 1295 1833 1354 est,
1855 1316 2021 1365 nempe
2039 1300 2084 1345 in
2104 1299 2278 1345 alumi-

1306 1372 1375 1418 nis
1391 1367 1549 1415 fodina
1568 1385 1709 1434 prope
1729 1372 1902 1415 Forum
1920 1367 2141 1424 Claudii,
2167 1369 2276 1415 vul-

1305 1441 1365 1507 go
1387 1441 1429 1488 la
1448 1434 1605 1504 Toffa,
1635 1438 1829 1504 triginta
1849 1437 2076 1485 cadorum
2105 1456 2277 1504 capax,

1306 1523 1535 1574 tantaeque
1563 1508 1856 1564 altitudinis,
1888 1520 1940 1555 ut
1965 1524 2046 1575 per
2066 1505 2279 1555 scalam-³

1308 1581 1469 1627 decem
1483 1612 1499 1634 ,
1516 1579 1594 1625 vel
1617 1574 1876 1625 duodecim
1892 1577 2126 1645 graduum
2144 1578 2202 1626 ad
2221 1579 2279 1626 il-

1306 1652 1393 1697 lius
1417 1666 1465 1695 os
1495 1645 1738 1694 ascendere
1757 1660 2000 1714 oporteat.

1378 1718 1603 1765 Alterum
1621 1713 1734 1764 vero
1752 1734 1863 1782 opus
1879 1752 1894 1774 ,
1931 1717 2055 1782 quod
2073 1715 2277 1785 diligen-

1305 1790 1417 1844 ti,ac
1431 1784 1589 1833 subtili
1605 1784 1819 1834 minerva
1832 1800 1930 1834 erat
1943 1784 2281 1845 constructum,

1302 1857 1359 1904 ad
1393 1855 1498 1904 vasa
1516 1857 1708 1902 minoris
1730 1858 2022 1923 capacitatis,
2038 1870 2175 1922 atque
2194 1874 2278 1924 ge·

1303 1925 1420 1974 statu
1436 1924 1590 1972 facilia
1610 1923 2041 1975 tendebat.H01·urn
2059 1929 2277 1993 generale

1304 2013 1477 2044 nomen
1519 2008 1618 2043 erat
1657 1994 1879 2048 Uyrnarum
1910 2018 1923 2056 3
1968 2013 2107 2062 quare
2148 1994 2181 2044 fi
2220 1994 2277 2043 ad

1306 2083 1429 2132 aquae
1459 2062 1593 2112 usum
1611 2081 1736 2112 urnae
1755 2079 1886 2113 erant
1900 2101 1915 2123 ,
1953 2067 2169 2131 Aquariae
2185 2100 2202 2122 ,
2244 2061 2279 2113 fi

1308 2137 1365 2184 ad
1382 2133 1690 2184 continendos
1707 2136 1884 2184 cineres
1898 2171 1914 2192 ‚
1946 2137 2196 2183 Cinerariae
2213 2170 2228 2192 ,
2248 2131 2280 2182 fi

1308 2207 1423 2254 vero*
1444 2204 1502 2253 ad
1519 2200 1634 2262 offa,
1652 2203 1875 2254 Offuariae
1893 2202 2245 2271 appellabantur
2265 2238 2277 2251 .

1308 2272 1617 2324 Diversarum
1664 2288 1820 2322 tamen
1849 2275 1972 2322 inter
2013 2273 2056 2322 se
2092 2276 2278 2322 etiam.»

1308 2359 1437 2394 erant
1454 2343 1825 2411 specierum‚five
1837 2341 2114 2400 formarum,
2131 2357 2182 2390 ut
2196 2345 2281 2392 hac

1308 2418 1353 2462 in
1374 2412 1505 2466 Urbe
1539 2412 1599 2461 ob
1628 2414 1882 2462 earundem
1915 2415 2279 2462 multitudinem

1305 2481 1530 2532 facillime
1549 2481 1769 2550 distingui
1789 2481 1972 2550 possunt
1989 2518 2000 2530 .

1402 2555 1472 2600 Ex
1507 2552 1641 2600 distis
1687 2555 1832 2621 igitur
1869 2553 2058 2602 elicitur
2090 2590 2106 2612 ,
2152 2552 2280 2620 quod

1306 2622 1488 2690 quando
1506 2621 1562 2670 de
1582 2625 1775 2689 tegulis,
1790 2641 1841 2670 ac
1861 2626 2039 2690 magnis
2059 2622 2281 2673 lateribus

1306 2691 1528 2760 agebatur
1545 2727 1561 2748 ,
1603 2691 1872 2756 hujusmodi
1908 2691 2068 2742 fictilia
2092 2729 2107 2751 ,
2145 2696 2281 2760 Opus

1305 2764 1476 2811 doliale
1491 2798 1507 2820 ,
1527 2775 1620 2820 ⁴aut
1645 2762 1822 2812 doliare
1843 2767 2043 2813 Veteres
2060 2765 2275 2812 nomina-

1307 2833 1419 2881 bant
1449 2868 1464 2889 ,
1514 2833 1622 2897 quia
1651 2831 1708 2880 ad
1737 2832 2100 2882 similitudinem
2127 2832 2281 2900 operis

1307 2903 1547 2950 doliorum
1564 2938 1579 2959 ,
1600 2900 1795 2960 scilicet,
1816 2903 1951 2961 rudi,
1968 2906 2016 2954 ὃ(
2031 2900 2176 2952 crassa‘i
2192 2900 2279 2947 mi-

1307 2972 1451 3020 nerva
1481 2970 1736 3021 constructa
1755 2987 1890 3021 erant
1910 3009 1920 3020 .

1377 3046 1484 3106 Qo
1503 3040 1616 3090 vero
1637 3043 1693 3089 ad
1712 3040 1979 3104 hujusmodi
1993 3044 2213 3096 laterum,
2226 3056 2277 3086 ac

1304 3115 1569 3179 tegularum
1607 3112 1983 3179 magnitudinem
2022 3145 2038 3167 ‚
2099 3110 2277 3176 duplex

1306 3184 1499 3230 illorum
1521 3179 1736 3228 mensura
1756 3196 1879 3238 erat,
1907 3198 1997 3227 una
2015 3185 2164 3240 major
2179 3215 2194 3236 ,
2216 3179 2278 3225 al-

1305 3267 1402 3302 tera
1418 3253 1573 3299 minor
1601 3250 1845 3301 dicebatur
1859 3271 1875 3311 3
1891 3250 2044 3317 prima
2060 3248 2175 3299 duos
2193 3265 2274 3314 pe-

2181 3319 2276 3373 des,
