2378 3674
496 263 594 311 2'154

758 240 1203 300 VETEYRA
1270 239 2003 299 MONIMENTA

428 348 625 412 Ecclefijs
644 347 959 395 enarrat-Hanc
976 343 1160 393 eandem
1176 344 1321 392 Eccle-
1332 371 1416 417 A„
1451 347 1576 412 loqui
1590 348 1777 394 inuicem
1793 365 1864 393 ore
1883 348 2123 396 valeremus
2141 387 2150 398 .
2167 351 2270 398 Hire

427 417 536 467 fiam
574 419 683 464 olim
734 413 944 465 vetustate
973 414 1266 463 collabentem
1298 413 1322 462 a
1383 441 1414 468 „
1450 418 1539 464 iam
1573 417 1682 484 saepe
1716 417 1916 481 praestitus
1948 417 2150 464 Pontifex
2166 417 2263 464 dili-

423 485 726 535 fundamentis
770 486 905 532 etiam
949 483 1200 532 instaurauit
1240 489 1324 533 Pa-

416 552 575 607 schalis
613 558 732 620 Papa
765 557 802 601 Ι.
819 556 895 619 qui
915 554 1062 601 floruit
1077 572 1193 602 anno
1213 559 1323 616 817.

415 640 471 679 vt
486 629 532 674 in
546 627 636 674 eius
655 627 746 673 vita
761 623 1121 671 Bibliothecarius
1151 622 1310 681 scribit3

421 723 454 751 ῃ
491 697 567 744 vbi
584 695 667 743 fic:
699 693 861 743 Christi
878 711 1072 758 namque
1088 697 1317 759 Omnipo-

426 793 460 820 „
489 766 621 814 tentis
638 765 828 813 Domini
848 763 1063 818 famuIUS,
1084 773 1128 811 &
1143 781 1318 830 praeno-

421 863 453 890 »
486 838 681 883 minatus
710 832 915 881 Pontifex
950 835 1193 881 maximam
1231 835 1318 880 Dei

419 931 453 957 ,9
485 903 768 950 Ecclefiarum
795 918 941 948 curam
961 933 976 957 ,
1007 901 1321 951 &sollicitudi-

419 1001 450 1026 ι»
484 990 592 1020 nem
623 969 907 1037 praeuidendo
931 971 1224 1020 indesinenter
1241 990 1314 1038 ge-

418 1071 452 1097 „
482 1059 608 1098 rens,
641 1059 742 1088 curn
775 1040 968 1106 quadam
987 1041 1312 1099 die,orationis

418 1141 450 1168 „
482 1111 654 1168 studio,
681 1110 738 1158 ad
776 1115 937 1159 Sandiae
981 1114 1068 1159 Dei
1108 1115 1316 1179 Virginis,

418 1212 450 1236 „
485 1181 734 1247 Christique
776 1182 995 1246 Martyris
1027 1183 1199 1229 Ceciliae
1234 1187 1316 1230 Ec-

420 1281 451 1306 „
482 1249 656 1297 cleliam
673 1249 1059 1305 adueniret,nimio
1078 1255 1167 1299 iam
1185 1252 1313 1318 quas—

419 1350 451 1375 „
483 1318 570 1367 sata
591 1319 709 1367 senio
724 1319 915 1369 Ecclesiae
929 1319 1121 1369 eiusdem
1138 1325 1311 1379 maenia,

418 1418 451 1445 „
482 1391 618 1436 etiam
656 1388 999 1439 afundamentis
1015 1393 1177 1439 ruitura
1196 1424 1210 1447 ,
1243 1395 1309 1441 vi-

416 1489 448 1513 „
484 1456 589 1506 dens
608 1491 621 1514 ,
648 1477 743 1525 quae
771 1478 848 1525 per
876 1462 1042 1509 olitana
1077 1477 1276 1527 tempora
1294 1495 1308 1518 ,

414 1556 444 1582 ‚,
481 1526 649 1575 defefiu
679 1529 903 1577 vetustatis
934 1547 1238 1588 marcuerant,
1265 1541 1310 1580 ὃς

412 1626 446 1650 ,,
479 1597 589 1655 pene
618 1599 751 1642 ruini<
781 1600 1001 1646 confraffiia
1027 1600 1102 1646 diu
1117 1603 1310 1654 antiqui-
1366 1628 1398 1644 ,η

411 1691 444 1718 ,,
478 1673 549 1706 tus
564 1658 745 1705 lacerata
759 1655 999 1704 manebant
1011 1689 1026 1708 ς.
1043 1656 1147 1705 dato
1163 1656 1307 1706 fludio

414 1761 447 1788 3,
479 1729 623 1792 operis
642 1754 658 1780 ,
680 1722 839 1769 eodem
854 1723 901 1769 in
920 1721 1018 1769 loco
1037 1754 1050 1777 ,
1067 1722 1306 1790 magnifico

413 1828 448 1857 5,
481 1808 799 1861 opere,nouam
817 1790 1306 1842 construere'Ecclesiam

1383 513 1415 539 5,
1451 486 1603 551 genter
1638 484 1815 533 audiens
1845 485 2035 534 studiose
2053 489 2268 552 requirere

1382 583 1413 609 2,
1449 558 1583 621 cepit,
1601 574 1695 621 quse
1717 552 1913 618 effetipsa
1932 587 1946 611 ,
1973 574 2068 621 quae
2083 558 2185 603 talia
2203 558 2265 604 illi

1378 653 1411 679 ι»
1448 625 1582 673 verba
1598 627 1780 680 diceret,
1797 625 1865 671 vel
1882 642 1973 688 quo
1992 627 2172 672 nomine
2188 644 2267 674 vo-

1377 723 1410 749 „
1445 709 1612 745 caretur
1632 735 1643 746 .
1681 696 1764 742 Cui
1779 694 1851 740 illa
1868 693 2170 759 respondit-Si
2188 713 2268 742 no-

1376 793 1409 819 „
1445 781 1549 812 men
1565 763 1931 831 inqui1·is,Cecilia
1953 763 2116 814 famula
2137 764 2266 813 Chri-

1375 862 1408 889 „
1446 833 1500 881 sti
1528 853 1665 883 vocor
1683 874 1693 884 .
1724 834 1798 884 Ad
1830 850 1966 898 quam
1981 832 2187 881 Summus
2202 836 2270 881 in·

1375 931 1410 959 „
1445 905 1600 969 quiens
1617 903 1804 953 Praesul:
1825 901 2068 960 Quomode
2082 902 2165 950 hoc
2176 920 2266 953 cre-

1378 1001 1407 1030 „
1444 972 1543 1021 dere
1578 972 1776 1040 possum,
1805 972 1855 1019 eo
1885 971 2007 1037 quod
2023 973 2134 1018 olim
2149 971 2267 1020 fama

1375 1071 1407 1100 „
1442 1044 1577 1091 relata
1595 1043 1646 1092 fit
1661 1076 1675 1100 ,
1691 1041 1907 1110 quatenus
1923 1040 2113 1090 eiusdem
2132 1045 2265 1090 Vene-

1374 1142 1406 1170 „
1442 1113 1588 1161 rabilis
1642 1112 1806 1163 Christi
1849 1113 2064 1178 Martyris
2092 1112 2267 1160 Ceciliae

1375 1212 1406 1240 „
1441 1200 1598 1249 corpus
1645 1184 1700 1230 ab
1734 1181 1973 1247 Aistolpho
2007 1182 2267 1247 Longobarf

1372 1282 1402 1311 ‚a
1441 1252 1602 1301 dorum
1638 1255 1761 1319 Rege
1775 1250 1985 1299 hostiliter
2001 1254 2155 1299 Romae
2169 1249 2268 1317 resi-¹

1369 1352 1401 1382 „
1439 1322 1570 1371 dente
1602 1323 1756 1371 furtim
1773 1354 1787 1378 ,
1814 1330 1856 1370 δε
1874 1321 1927 1368 ab
1941 1320 2055 1368 illius
2070 1320 2266 1385 homini-3

1367 1420 1400 1451 „
1437 1391 1515 1439 bus
1530 1390 1668 1440 fuisset
1699 1391 1895 1438 ablatum
1913 1424 1923 1434 .
1954 1392 2043 1438 Cui
2060 1391 2161 1438 talia
2179 1394 2265 1439 Ve-.

1362 1491 1399 1520 .„
1434 1463 1615 1508 nerabili
1632 1460 1834 1510 Pontifici
1850 1460 2265 1515 intimanti,Omni-'

1366 1561 1399 1588 „
1435 1535 1630 1596 potentis
1669 1533 1755 1579 Dei
1793 1529 1959 1579 fimiula
1990 1527 2262 1591 dixit-Qa

1435 1619 1505 1645 me
1521 1600 1792 1650 desiderarem
1809 1614 1857 1647 vt
1874 1599 2121 1645 inuenirent
2140 1600 2263 1646 Lon«

1366 1683 1399 1714 „
1432 1654 1617 1720 gobardi
1639 1656 1928 1721 quaesiuerunt
1943 1689 1959 1714 ,
1975 1666 2164 1713 omnine)
2185 1663 2262 1715 ve.'

1367 1754 1398 1784 „
1429 1742 1528 1772 rum
1545 1724 1620 1781 est,
1637 1726 1708 1787 sed
1728 1729 2016 1775 Dominimei
2028 1730 2119 1778 Iesu
2134 1733 2265 1782 Chri-'

1364 1824 1396 1854 ,2
1429 1794 1477 1843 sti
1509 1797 1832 1861 opitulatione,
1863 1806 1908 1845 δ(
1928 1802 2139 1848 Dominae
2151 1821 2258 1853 meae

417 1899 451 1926 „
482 1866 682 1930 coepit,&
700 1860 896 1928 perficere
911 1860 1012 1910 satis
1028 1865 1396 1925 melioretns,c„
1428 1868 1587 1913 Sanstae
1609 1869 1695 1913 Dei
1714 1869 1949 1914 Cenitricis
1964 1900 1980 1924 ,
2007 1869 2260 1939 semperque

416 1968 451 1996 3,
483 1934 618 2000 quam
636 1934 792 1988 fuerat,
810 1930 985 1980 studuit.

418 2038 452 2066 9,
556 2003 636 2051 Sed
656 2020 797 2068 neque
825 2001 933 2053 illud
953 2005 1306 2069 praetereundum

419 2109 450 2136 „
484 2072 563 2120 effe
598 2073 894 2121 existimamus
926 2104 941 2128 ,
970 2072 1077 2121 dum
1110 2076 1304 2141 quadam

419 2177 452 2205 7,
483 2142 552 2189 die
577 2142 633 2189 ad
665 2144 785 2190 Beati
815 2144 931 2189 Petri
948 2145 1161 2210 Principis
1180 2150 1306 2213 Apo-

415 2248 450 2276 „
483 2212 694 2261 stolorum
714 2211 948 2261 Ecclefiam
962 2230 1176 2279 pergeret,
1196 2235 1304 2282 qua—

417 2317 450 2345 „
483 2281 610 2329 tenus
644 2282 761 2348 apud
797 2281 987 2330 eundem
1020 2288 1207 2333 Beatum
1222 2291 1300 2335 Pe-

419 2387 451 2412 υ
484 2365 602 2398 trum
653 2352 918 2416 Apostolum
971 2352 1098 2400 solito
1130 2374 1306 2404 rmore„

419 2454 453 2481 „
486 2422 662 2483 vigilias
678 2421 922 2477 celebraret,
941 2430 984 2470 ὃς
999 2438 1099 2471 ante
1113 2425 1305 2473 eiusdem

417 2510 453 2551 '³’
483 2488 810 2537 confessionem
872 2495 1153 2542 matutinales
1193 2497 1306 2542 luce-

418 2566 453 2620 5,
489 2555 631 2605 scente
675 2561 917 2608 Dominica
948 2563 1097 2611 laudes
1120 2565 1306 2614 relidens

419 2636 454 2691 ᾖ,
487 2627 762 2686 decantaret,
790 2628 932 2678 subito
947 2631 1157 2697 depress‘us
1173 2633 1346 2701 sopo—D

421 2733 453 2761 „
486 2715 529 2745 re
564 2697 681 2747 vidit
702 2699 974 2750 adsistentem
1004 2703 1080 2750 fibi
1100 2707 1304 2771 virginali

422 2804 456 2831 9,
485 2766 657 2832 aspedtu
672 2771 863 2833 puellam
878 2774 1101 2838 Angelicis
1117 2774 1303 2824 vestibus

422 2875 456 2904 ,‚
488 2836 755 2896 decoratam,
772 2840 874 2888 talia
889 2841 1123 2890 locutionis
1136 2836 1303 2893 affami-

421 2942 455 2969 Ὦ
488 2924 543 2952 na
574 2908 809 2972 protulisse,
824 2910 995 2961 dicens.
1025 2915 1192 2962 Multas
1224 2917 1304 2963 tibi

422 3011 460 3037 3,
489 2979 646 3039 gratias
674 2979 926 3037 referimus,
951 2985 1051 3048 quia
1069 2999 1305 3042 certamen,

426 3082 458 3107 „
490 3045 611 3109 quod
629 3048 681 3094 de
699 3066 770 3096 me
787 3049 861 3098 diu
877 3052 1080 3117 posueras
1100 3054 1307 3103 frustato-

423 3150 455 3178 ³³
489 3116 570 3161 rias
601 3117 880 3166 relationibus
906 3126 1170 3189 peruulgatis
1186 3143 1304 3173 aures

426 3221 457 3245 >a
490 3185 780 3234 accomodans
801 3191 1025 3254 reliquisti,
1046 3196 1209 3261 quippe
1227 3199 1304 3262 qui

426 3288 458 3316 ‚5
491 3267 616 3301 tanto
644 3256 776 3321 penes
793 3276 864 3306 me
877 3260 990 3310 fuisti
1011 3266 1099 3319 ,vti
1118 3269 1298 3332 proprio

1359 1966 1396 1995 „
1428 1936 1619 2001 Virginis
1642 1938 1795 1984 Mariae
1810 1938 1973 1985 auxilio
1990 1968 2004 1993 ,
2023 1955 2164 2006 neque
2184 1961 2258 1992 me

1364 2036 1397 2066 ‚,
1428 2006 1624 2053 inuenire
1642 2037 1656 2062 ,
1695 2023 1837 2071 neque
1854 2006 2116 2072 deportare,
2148 2010 2262 2065 ficut,

1365 2106 1397 2136 :0
1427 2076 1677 2132 voluerant,
1691 2076 1791 2124 hinc
1808 2077 1980 2141 longius
1998 2092 2250 2142 potuerunt.

1366 2177 1398 2206 „
1428 2148 1483 2193 Et
1512 2146 1610 2193 idee
1639 2146 1742 2194 ficut
1775 2163 1846 2192 me
1869 2164 2056 2211 quaerere
2084 2152 2250 2216 cepisti,

1366 2248 1397 2274 „
1426 2216 1614 2281 qualiter
1627 2234 1698 2263 me
1716 2217 1909 2263 inuenias
1923 2214 2095 2264 assiduo
2109 2219 2250 2269 labori

1364 2318 1396 2345 „
1426 2302 1518 2332 non
1535 2285 1704 2333 desistas
1720 2286 1997 2341 incumbere,
2031 2290 2133 2352 quia
2150 2293 2246 2337 Do-

1365 2389 1396 2415 „
1427 2357 1552 2402 mino
1570 2359 1689 2410 Deo,
1701 2374 1780 2421 pro
1793 2357 1911 2403 cuius
1925 2373 2089 2413 amore,
2106 2367 2150 2406 &
2166 2360 2248 2408 ho-

1363 2459 1395 2485 „
1426 2441 1533 2471 nore
1572 2423 1681 2489 paffa
1696 2424 1792 2472 sum
1810 2457 1825 2482 ‚
1841 2426 2032 2491 placuit,
2047 2442 2098 2476 vt
2114 2441 2245 2477 turne

1364 2529 1395 2555 „
1426 2497 1634 2550 inuenias,
1652 2504 1695 2543 &
1713 2496 1758 2542 in
1775 2494 1956 2542 Ecclefia
1969 2526 1984 2551 ,
2010 2497 2146 2562 quam
2161 2515 2241 2545 no-

1363 2565 1399 2625 „‘
1427 2565 1537 2612 uiter
1553 2563 2066 2620 construxisti,recondas.
2084 2570 2138 2614 Et
2155 2567 2242 2615 haec

1364 2669 1395 2696 „
1427 2634 1571 2683 dicens
1605 2636 1658 2683 ab
1688 2636 1822 2683 oculis
1841 2633 2082 2700 aspicientis
2097 2635 2240 2685 ablata

1427 2703 1489 2752 est
1503 2738 1514 2749 .
1550 2705 1674 2753 Tunc
1691 2704 1808 2752 idem
1827 2705 2104 2753 Venerandus
2119 2705 2238 2753 Pon-

1430 2776 1534 2823 tifex
1569 2775 1898 2825 matutinalibus
1934 2775 2133 2821 laudibus
2146 2792 2237 2839 per-
2349 2750 2357 2874 ¹

1360 2881 1394 2906 „
1430 2843 1579 2893 solutis
1594 2864 1673 2911 pro
1692 2845 1783 2893 tam
1798 2860 1920 2892 certae
1935 2875 1949 2899 ,
1965 2853 2007 2891 δέ
2020 2842 2239 2892 indubita-

1361 2950 1394 2977 υ
1430 2913 1527 2962 bilis
1557 2913 1999 2962 reuelationisiudicio
2012 2915 2126 2978 cepit
2144 2913 2240 2972 hac,

1361 3021 1394 3046 „
1427 2985 1612 3051 illacque
1637 2984 1855 3051 operosius
1868 2998 2067 3047 quaerere,
2082 2982 2158 3029 vbi
2172 2982 2235 3030 sa-

1362 3091 1394 3117 „
1426 3055 1714 3103 cratissimum
1760 3057 1847 3099 eius
1888 3068 2042 3115 corpus
2083 3053 2236 3103 iaceret

1361 3162 1395 3189 7,
1425 3127 1660 3173 humatum
1677 3157 1688 3169 .
1717 3121 1860 3187 Qodr
1881 3120 2098 3169 tribuente
2116 3126 2234 3180 Deo,

1361 3232 1394 3258 „
1425 3195 1532 3243 dum
1564 3191 1741 3241 sollicite
1766 3194 2230 3258 quaereret,reperitin

1357 3304 1397 3330 7,
1423 3265 1654 3315 Cimiterio
1670 3258 1904 3309 Praetestati
1918 3258 1997 3308 sito
2012 3262 2115 3310 foris
2135 3279 2233 3326 por-

2070 3344 2163 3378 tan!

1363 2741 1394 2766 Ἰ)

1363 2810 1394 2838 ³>
