2378 3674
306 279 327 307 2

264 277 485 380 {rdinem
504 363 520 386 ,
560 344 641 374 nos
660 327 804 373 ctiam
819 320 1110 389 sequendum
1127 320 1256 370 duci-

266 418 415 456 mus‚c
424 397 501 446 cim
520 398 669 443 clarus
685 391 937 460 patensque
952 391 1020 440 fit.
1038 394 1109 440 At
1122 406 1253 440 ante-

266 473 408 537 quam
434 467 491 515 ad
520 466 721 528 antiquae
751 460 953 510 Balilicae
980 457 1255 530 descriptio-

267 558 378 589 nem
397 533 674 585 descendam
694 567 709 589 ,
724 545 912 599 gratum
929 530 1030 581 fore
1050 547 1171 599 puto
1186 568 1201 589 ,
1219 530 1252 580 fi

267 607 493 658 nonnulla
511 602 717 652 carmina
731 637 748 660 ,
782 620 807 648 a
827 601 1091 650 Prudentio
1111 604 1255 651 Poeta

268 675 532 727 Christiano
550 709 566 730 ‚
591 674 671 739 qui
688 673 736 718 in
756 673 1006 740 principio
1020 673 1173 739 quinti
1187 669 1262 719 sae-

264 748 360 795 culi
378 744 570 801 floruit,
588 754 779 791 exarata
802 739 1004 790 referam
1022 778 1037 800 ,
1079 759 1181 808 quae
1198 739 1260 789 fic

268 819 316 864 in
342 818 552 882 Hymno
577 831 652 861 12.
680 813 910 879 leguntur
930 847 940 857 .

266 886 412 938 Divit
428 885 508 952 ‘ff'
534 884 661 932 duum
692 881 883 950 Tybris,
902 882 1027 949 secer
1054 900 1109 929 ex
1134 898 1256 930 utra-

406 975 481 1024 que
506 958 598 1019 ripa
612 989 628 1010 ,

302 1026 420 1075 Inter
427 1027 599 1091 fhcrata
623 1020 848 1090 dumflnit
860 1022 1093 1090 sepulchra
1110 1055 1120 1066 .

275 1098 448 1147 Dextra
464 1095 644 1145 Petrum
660 1098 777 1162 regio
790 1128 805 1150 ‚
830 1092 960 1142 teHis
979 1107 1097 1140 tenet
1123 1092 1261 1137 aureis

407 1180 618 1231 receptum
635 1200 649 1221 ,

302 1239 475 1289 Canens
491 1238 618 1284 oliva
635 1270 651 1291 ‚
691 1252 958 1283 murmurans
965 1230 1145 1300 fluento
1161 1265 1172 1278 .

270 1309 466 1375 Namque
484 1306 716 1372 supercilio
729 1305 838 1373 fizxi
851 1307 990 1372 liquor
1017 1319 1163 1359 ortus,
1190 1319 1263 1349 ex-

413 1392 585 1425 cttavzt

309 1450 485 1499 Fontem
503 1459 729 1510 perennem
749 1446 993 1513 chrismatis
1005 1440 1199 1511 firacem
1218 1474 1228 1486 ·

273 1518 597 1585 Nuncpretiofh
628 1521 718 1565 ruit
740 1529 818 1581 per
854 1531 1088 1574 marmora,
1123 1511 1265 1566 lubri-

414 1603 558 1653 catque
576 1588 747 1636 clivum
761 1620 776 1642 ‚

305 1658 450 1708 Donec
468 1653 852 1723 virentifluc‘luet
869 1653 1061 1719 corymbo
1077 1689 1088 1700 .

275 1726 462 1779 Interior
491 1729 648 1776 tumuli
669 1739 773 1792 pars
797 1724 866 1774 ef?
879 1759 895 1782 ,
912 1723 988 1773 ubi
1002 1722 1182 1792 lapfibus
1194 1723 1266 1791 fi)-

417 1815 537 1845 norzs

307 1868 515 1935 Stagnum
543 1866 694 1915 nivali
719 1867 935 1913 volvitur
954 1860 1166 1929 prqfimdo
1187 1898 1198 1908 .

276 1939 524 1988 Omnicolor
553 1939 728 1985 vitreas
748 1933 1111 2004 pic‘lurafinpcrne
1129 1937 1269 2001 tingit

420 2005 561 2054 undas
573 2040 589 2062 ,
602 2021 615 2032 '⁸

312 2073 464 2142 Musei
485 2077 670 2124 relucent
687 2109 702 2131 ,
738 2076 793 2123 &¹
820 2076 1006 2143 ‘virescit
1023 2089 1169 2121 aurum
1185 2108 1196 2120 .

277 2147 552 2214 Cyaneasque
582 2147 703 2193 latex
734 2144 925 2193 umbram
956 2144 1097 2193 trahit
1126 2148 1267 2196 immi-

422 2219 561 2265 nentis
587 2214 730 2266 ostri:

313 2286 478 2337 Credas
495 2288 665 2332 moveri
674 2282 898 2350 fluHibus
924 2285 1095 2333 lacunar
1113 2319 1124 2330 .

282 2357 446 2408 Pastor
464 2374 571 2404 oves
594 2357 704 2411 alit,
740 2356 829 2424 ipse}
844 2357 940 2405 illic
959 2356 1104 2423 gelidi
1130 2364 1269 2429 rigore

411 2420 560 2491 fomis

319 2494 451 2545 Videt
464 2493 594 2561 sttire
610 2509 709 2560 quas
727 2489 909 2560 fluenta
924 2496 963 2545 C
965 2494 1103 2544 bristi
1122 2533 1134 2544 .

283 2565 402 2612 Haec
421 2562 702 2610 Prudentius
725 2565 897 2611 cecinit
911 2599 921 2610 .

354 2629 508 2680 Modo
530 2630 585 2678 ab
616 2628 792 2681 Abfide
818 2667 834 2690 ,
871 2645 1114 2698 tamquam
1142 2651 1168 2681 a
1197 2631 1267 2680 di-

282 2703 438 2773 gniori
465 2699 675 2749 Bafilicae
704 2715 834 2768 parte
858 2738 874 2760 ,
911 2704 1104 2761 initium
1130 2699 1267 2750 sumi-

286 2792 389 2821 mus
414 2808 424 2819 .
464 2767 600 2819 Abfis
633 2772 823 2837 itaque,
859 2791 1002 2838 quam
1032 2777 1265 2836 majorem

285 2841 553 2893 Tribunam
572 2843 755 2899 vocari,
772 2842 941 2910 Populi
960 2844 1187 2910 placitum
1201 2844 1266 2889 in-

283 2911 503 2962 troduxit
533 2947 550 2970 ,
598 2909 699 2979 post
723 2911 1034 2961 transversam
1062 2909 1266 2961 Bafilicae

286 2995 465 3051 partem
484 2981 539 3028 ad
567 2996 729 3030 ortum
748 2997 1027 3052 vergentem
1045 3019 1060 3041 ,
1090 2980 1140 3030 id
1160 2980 1270 3030 situs

285 3051 418 3101 nacta
436 3047 529 3097 fuit
546 3086 562 3108 ,
601 3066 655 3100 ut
671 3066 811 3119 caput
828 3057 840 3100 i
845 3052 967 3121 pfius
980 3051 1184 3102 Bafilicae
1199 3051 1269 3101 es-

285 3122 353 3170 set
365 3156 380 3178 ,
418 3117 813 3187 Sacrosan&aeque
829 3125 997 3173 Crucis
1013 3136 1192 3190 typum
1205 3124 1271 3170 in-

288 3190 498 3239 choando
516 3203 819 3257 praetexeret,
849 3191 983 3241 sicuti
1002 3211 1087 3261 per
1117 3194 1188 3240 lit.
1207 3195 1270 3240 A.

287 3257 536 3307 denotatur
554 3294 565 3306 .
587 3262 875 3328 Hemicycli
892 3260 1097 3312 formam
1115 3266 1271 3331 expri-

641 256 760 306 DE
834 251 1231 304 SACRIS
1302 249 1896 306 ‘AEDIF1CIIS

1309 319 1471 370 mebat
1501 357 1516 378 ,
1555 323 1939 391 longitudineque
1968 324 2026 373 ad
2054 324 2290 375 Occiden-

1308 405 1405 439 tem
1427 392 1594 458 palmis
1619 391 1923 458 quadraginta
1944 408 2147 461 quatuor
2178 412 2293 461 proe«
2342 405 2346 420 '

1307 459 1470 518 stabat,
1490 460 1735 508 latitudine
1752 464 1916 528 palmis
1934 466 2041 515 osto
2048 467 2177 533 ginta
2198 463 2293 530 spa·-

1307 529 1784 589 tiabatur‚altitudine
1803 532 1918 579 vero
1935 549 2126 583 centum
2146 550 2292 601 aequa³

1314 600 1394 649 bat
1411 603 1530 649 inter
1549 598 1797 660 Abfidem,
1814 603 1863 652 &
1884 603 2193 652 transversam
2213 621 2292 650 na-

1316 689 1450 720 vem.
1489 675 1545 720 In
1568 669 1756 728 medio,
1791 675 1890 720 Ara
1908 673 2119 740 princeps
2141 674 2294 723 erecta

1313 754 1413 790 erat
1430 778 1445 799 ‚
1483 759 1582 807 quae
1599 754 1733 789 tantae
1764 739 1948 809 semper
1980 745 2295 792 venerationis

1308 809 1427 868 fuit,
1465 824 1518 857 ut
1536 811 1691 858 nullus
1709 829 1912 878 unquam
1926 810 2208 861 Pontificum
2239 816 2296 862 il·

1313 882 1406 930 lam
1420 878 1622 929 reserare
1636 879 1770 930 ausus
1788 879 1843 929 lit
1861 917 1876 939 ,
1892 883 2009 931 nihil
2028 899 2295 941 removere,
2351 941 2353 944 y

1316 963 1369 998 ut
1387 949 1533 998 tradit
1550 950 1765 998 laudatus
1798 953 2092 1019 Alpharanus
2129 971 2228 1021 cap.
2255 973 2295 1002 1.

1315 1022 1538 1070 &innuit
1563 1021 1833 1070 Pancirolus
1853 1022 1910 1071 de
1939 1022 2113 1071 Eccles.
2135 1024 2218 1073 hac
2250 1026 2298 1072 in

1318 1091 1486 1139 eadem
1503 1088 1693 1138 Bafilica
1711 1126 1721 1136 .

1390 1157 1678 1209 Transversa
1700 1160 1816 1208 vero
1834 1161 1967 1208 navis
1983 1159 2218 1232 designata
2240 1166 2295 1212 li-

1316 1228 1419 1281 tera'i
1448 1233 1499 1277 B.
1534 1231 1656 1278 inter
1682 1228 1979 1288 Tribunam,
2012 1233 2062 1283 ὃ(
2093 1232 2299 1284 Bafilicae

1315 1318 1482 1369 corpus
1500 1298 1865 1368 protendebatur
1878 1335 1895 1356 ,
1915 1301 2178 1352 latitudinis
2204 1308 2301 1374 pal-

1317 1389 1507 1422 morum
1536 1368 1828 1438 septuaginta
1857 1370 1965 1420 οξὶο
1984 1407 2001 1429 ,
2036 1375 2301 1424 altitudinis

1318 1455 1510 1492 centum
1525 1440 1815 1509 septuaginta
1832 1476 1848 1497 ‚
1876 1441 2186 1509 longitudinis
2204 1460 2301 1494 tan-

1319 1513 1431 1563 dem
1458 1531 1483 1559 a
1500 1508 1708 1560 Meridie
1726 1508 1784 1558 ad
1798 1513 2021 1571 Boream,
2048 1519 2302 1584 nonaginta

1321 1582 1458 1651 supra
1483 1593 1742 1630 trecentos.

1390 1653 1587 1720 Templi
1608 1652 1830 1702 Vaticani
1847 1668 1972 1708 area,
1991 1649 2169 1703 scilicet
2196 1661 2301 1720 aja-
2372 1704 2378 1723 =‚

1318 1725 1440 1780 nuis,
1454 1740 1555 1790 quae
1575 1735 1706 1770 erant
1724 1721 1770 1767 in
1792 1720 2042 1788 conspeetu
2063 1738 2169 1773 ante
2187 1744 2306 1793 qua-
2368 1730 2378 1755 ³²

1320 1789 1804 1862 driporticum,usque
1823 1790 1880 1839 ad
1901 1790 2207 1843 transversam
2227 1814 2306 1844 na·
2372 1824 2378 1832 ·

1320 1882 1434 1915 vem
1453 1900 1470 1922 ,
1487 1862 1837 1929 quadringentis
1851 1897 1868 1919 ‚
1893 1862 1944 1912 ἃ
1964 1861 2039 1912 sex
2066 1866 2237 1932 palmis
2254 1869 2304 1917 in

1319 1932 1619 2002 longitudine
1633 1966 1648 1988 ,
1674 1930 1730 1978 ab
1748 1933 1875 1980 Ortu
1895 1930 1952 1979 ad
1968 1931 2203 1984 occasum
2219 1955 2301 1986 ex·
2372 1945 2374 1950 “

1318 2001 1542 2055 currebat
1562 2037 1578 2059 ‚
1597 2020 1648 2049 ac
1667 2000 1879 2050 ducentis
1904 2002 2141 2070 ostoginta
2170 2008 2306 2073 quin.

1318 2092 1409 2143 que
1443 2075 1491 2120 in
1509 2071 1790 2132 latitudine3
1828 2072 1875 2118 in
1901 2073 2153 2124 altitudine
2191 2075 2304 2126 ver&

1317 2157 1509 2196 centum
1528 2139 1824 2210 septuaginta
1837 2176 1847 2186 .
1862 2141 2026 2190 Media
2042 2145 2158 2193 vero
2172 2149 2307 2194 navis

1319 2228 1480 2266 notata
1499 2208 1637 2261 litei-3
1659 2214 1716 2261 C.
1738 2212 1957 2258 omnium
1976 2216 2181 2262 maxima
2200 2233 2308 2265 cen-

1319 2301 1444 2342 tum,
1463 2285 1512 2334 &
1530 2280 1608 2331 sex
1629 2281 1794 2348 palmis
1813 2281 1860 2327 in
1874 2282 2174 2348 longitudine
2195 2303 2304 2353 pro-

1321 2353 1611 2409 ducebatur,
1635 2369 1688 2398 ac
1718 2363 1916 2398 centum
1947 2351 2242 2423 septuaginta
2260 2359 2307 2406 in

1323 2421 1578 2475 altitudine
1601 2456 1612 2467 .

1394 2494 1607 2558 Reliquae
1625 2489 1732 2536 hinc
1753 2488 1860 2539 inde
1878 2508 2019 2539 naves
2037 2494 2098 2539 D.
2118 2494 2170 2540 E.
2201 2496 2305 2544 lon-

1322 2564 1379 2633 ge
1399 2558 1702 2631 depressiores
1720 2595 1736 2618 ,
1770 2561 1820 2610 &
1839 2562 2308 2615 minorislatitudinis

1321 2647 1484 2694 erant;
1520 2632 1610 2680 illae
1630 2647 1831 2696 namque
1857 2629 1958 2679 duae
1975 2667 1992 2689 ,
2025 2650 2125 2698 quae
2142 2635 2310 2686 mediae

1319 2705 1430 2752 navi
1467 2722 1492 2750 a
1530 2701 1728 2750 dextero
1765 2702 1910 2750 latere
1943 2703 2000 2749 ad
2019 2705 2309 2765 Meridiem,
2374 2711 2378 2716 '

1315 2777 1366 2826 ὅ(
1382 2793 1406 2821 a
1428 2770 1606 2821 sinistro
1632 2771 1690 2819 ad
1710 2774 1910 2821 Boream
1925 2770 2227 2834 adjacebant,
2258 2777 2307 2824 in

1318 2841 1571 2894 latitudine
1599 2843 1792 2911 triginta
1820 2843 1954 2900 oc‘to,
1991 2860 2043 2889 ac
2069 2843 2116 2889 in
2142 2846 2307 2893 altitu-

1320 2916 1429 2964 dine
1452 2912 1694 2981 oetoginta
1712 2911 1898 2961 duobus
1932 2913 2100 2981 palmis
2125 2912 2307 2963 consta·

1324 2983 1435 3032 bant
1456 3019 1466 3028 .

1393 3051 1671 3103 Posteriores
1698 3069 1840 3101 naves
1872 3055 1922 3100 F.
1946 3054 2007 3100 G.
2036 3062 2144 3099 ante
2168 3050 2309 3102 dietis
2377 3099 2378 3116 3

1322 3125 1556 3192 contiguae
1574 3159 1590 3181 ,
1613 3125 1787 3191 pariter
1807 3122 1866 3170 ad
1879 3119 2157 3177 Men'diem,
2177 3123 2226 3171 &
2243 3124 2303 3174 ad

1327 3196 1624 3261 Aquilonem
1649 3211 1708 3242 ex
1735 3204 1930 3257 utraque
1950 3201 2083 3257 parte
2101 3189 2306 3242 Basilicae

1326 3282 1465 3313 muro
1491 3263 1753 3327 adjacentes
1775 3297 1792 3321 ,
1823 3256 2073 3328 paululum
2106 3260 2309 3330 praefatis

2226 3330 2309 3382 de·-
