2378 3674
718 229 1142 278 VETERA‘
1202 227 1863 281 MONIMENTA

378 326 563 374 tismatis
582 326 703 378 ritus,
721 323 906 372 alterum
926 342 999 390 per
1011 323 1297 390 immersio-A
1312 354 1343 379 2,
1380 325 1464 374 suis
1481 323 1634 381 „dixin
1648 320 1848 368 misereor
1860 322 2012 378 turbae,
2025 320 2128 387 qui-a
2142 319 2221 371 tri‘l

373 413 477 444 nem
491 427 507 452 ,
521 396 705 441 alterum
722 392 826 442 vero
845 412 917 459 per
937 392 1226 459 asperfionem
1243 427 1255 439 .
1315 425 1346 450 ῃ
1382 395 1471 444 duo
1511 396 1600 441 iam
1632 390 1899 458 perseuerant
1923 409 2097 439 mecum
2116 425 2131 449 ,
2170 394 2216 441 δὲ

374 469 448 512 De
468 464 680 511 ambabus
700 461 952 510 huiusmodi
970 466 1075 511 ritus
1101 465 1256 514 formis
1318 495 1348 521 η
1384 485 1476 514 non
1498 464 1682 516 habent,
1703 461 1825 527 quod
1850 461 2115 510 manducent
2132 493 2148 518 ‚
2169 471 2228 510 &a

443 234 506 287 ,30

374 531 648 581 differuimus
666 532 791 597 supra
815 535 860 579 in
876 535 1016 599 capite
1036 538 1110 582 IV.

448 618 519 660 15.
591 607 724 650 Cana:
742 603 1098 669 Galileaenuptiae
1121 603 1199 651 hac
1217 609 1264 652 in

372 670 517 720 ¹areola
549 687 787 721 notantur:
812 672 864 719 fic
879 690 948 719 eas
977 672 1121 720 scribit
1136 674 1265 721 Diui-

371 744 525 789 nitatis
544 745 725 790 intimus
743 774 756 797 7
788 751 831 790 δε
848 742 935 789 sine
956 746 1044 808 pari
1063 758 1264 790 contem-

370 813 518 876 plator
558 815 744 860 Ioannes
790 812 1063 876 Euangelista
1105 830 1197 877 cap.
1221 830 1262 859 2.

372 910 403 935 ῃ,
437 885 493 928 Et
528 881 596 927 die
615 884 739 928 tertia
757 884 918 945 nuptiae
935 881 1054 927 factm
1072 878 1170 927 sunt
1185 884 1266 928 im

370 980 401 1005 ³>
430 954 555 997 Cana
572 950 801 1010 Galileq&
822 964 911 996 crat
931 963 1070 996 mater
1086 949 1177 996 Iesu
1191 950 1265 997 ibi:

370 1050 404 1075 η
432 1023 621 1067 Vocatus
638 1018 695 1065 est
713 1032 859 1064 autem
878 1018 1057 1073 Iesus2&
1078 1018 1264 1085 discipu—

367 1121 397 1145 „
428 1089 457 1135 li
473 1090 560 1135 eius
576 1088 628 1134 ad
646 1090 818 1154 nuptias
833 1127 843 1138 .

448 1168 518 1205 16.
590 1160 786 1204 Alterius
814 1156 1097 1220 Euangelistae
1114 1158 1255 1205 Marci

370 1230 417 1274 in
438 1228 521 1273 hoc
537 1225 754 1292 quadrato
776 1223 889 1272 sacra
925 1225 1172 1291 designatur
1189 1227 1253 1273 lii-

372 1297 500 1344 storia
520 1327 535 1352 ,
551 1294 729 1357 quando
748 1312 906 1361 nempe
925 1294 1037 1343 Iesus
1053 1300 1253 1364 apparuit

375 1364 614 1432 Discipulis
632 1368 678 1412 in
695 1366 841 1413 littore
871 1367 1002 1413 maris
1021 1382 1070 1414 vt
1083 1370 1129 1414 in
1159 1385 1253 1432 cap.

376 1446 419 1485 6.
451 1453 494 1485 n.
525 1450 604 1498 47.
622 1435 742 1483 idem
782 1451 927 1483 narrat
953 1437 1252 1503 Euangelista:

367 1536 398 1561 υ
434 1513 479 1553 ὃς
495 1523 598 1553 cum
614 1505 706 1553 sero
725 1503 836 1561 esset,
853 1521 942 1553 erat
957 1509 1080 1554 nauis
1099 1510 1145 1553 in
1160 1526 1251 1554 me-

366 1606 397 1632 „
431 1574 507 1622 dio
523 1578 664 1631 mari,
690 1585 734 1623 &⁴
752 1574 840 1641 ipse
853 1575 999 1637 solus(
1021 1576 1175 1625 scilicet
1190 1581 1252 1623 Ie-

364 1674 396 1702 „
427 1644 589 1703 sus)in
603 1659 744 1698 terra,
783 1654 827 1691 δέ
861 1644 1013 1691 videns
1042 1644 1253 1692 coslabo-

366 1727 508 1762 rantes
523 1714 570 1760 in
585 1712 863 1777 remigando.
944 1712 947 1715 ’

442 1799 510 1843 17.
583 1784 880 1831 Continuatio
909 1782 1101 1832 eiusdem
1130 1781 1251 1830 sacra?

1271 1116 1350 1153 B»

1320 565 1351 590 η,
1387 537 1608 585 dimittere
1622 550 1693 580 eos
1707 534 1873 579 ieiunos
1895 532 2025 586 nolo,
2038 549 2092 578 ne
2110 530 2214 579 defi-

1322 637 1352 661 „
1387 611 1502 654 ciant
1518 608 1564 651 in
1581 605 1676 652 via:
1705 611 1749 649 εκ*
1766 600 1964 648 dicuntei
1984 599 2182 666 discipuli
2197 619 2224 648 :-

1323 706 1353 731 a)
1388 677 1507 726 vnde
1537 691 1643 739 ergo
1672 672 1798 719 nobis
1824 673 1870 717 in
1895 670 2064 719 deserto
2081 688 2214 737 panes

1389 761 1535 795 tantos
1559 776 1574 799 2
1599 758 1648 792 vt
1674 741 1908 790 saturemus
1927 742 2100 789 turbam
2116 755 2212 788 tan-

1389 817 1514 864 tam?
1542 818 1599 861 Et
1619 817 1680 860 ait
1695 813 1778 859 illis
1793 810 1929 858 Iesus:
1956 826 2066 875 quot
2082 811 2214 858 habe-'

1322 917 1352 941 ³‚
1388 889 1441 932 tis
1459 900 1589 948 panes
1608 883 1624 930 2.
1645 887 1710 929 At
1724 883 1789 930 illi
1803 880 2016 928 dixerunt:
2031 879 2214 945 septem-j

1322 986 1353 1010 aa
1389 964 1433 1002 δε
1464 969 1624 1018 paucos
1651 950 1901 1016 pisciculos,
1935 954 1991 998 Et
2011 952 2212 1018 praecepit

1322 1055 1353 1080 >a
1388 1025 1551 1077 turbae,
1577 1036 1626 1070 vt
1640 1020 1959 1070 discumberent
1975 1018 2098 1086 super
2126 1034 2210 1066 ter-

1388 1112 1481 1139 ram
1500 1126 1511 1136 .
1546 1096 1601 1138 Et
1621 1094 1832 1158 accipiens
1859 1091 2024 1155 septem
2043 1106 2174 1155 panes
2194 1097 2213 1145 ,4

1315 1193 1346 1217 ³³
1385 1171 1429 1209 &-
1444 1161 1574 1226 pisces
1591 1192 1604 1214 a
1629 1170 1672 1208 δε
1689 1164 1845 1226 gratias
1862 1177 1993 1225 agens
2006 1160 2150 1225 fregit,
2163 1168 2207 1206 ὃς

1383 1230 1504 1278 dedit
1536 1227 1773 1293 Discipulis
1790 1230 1872 1274 suis
1891 1258 1904 1282 ,
1931 1239 1975 1275 &
2010 1229 2206 1293 discipuli

1312 1333 1341 1357 >⁷
1385 1299 1597 1347 dederunt
1614 1299 1806 1363 populo.
1832 1301 1888 1344 Et
1920 1297 2208 1345 comederunt

1310 1403 1341 1429 ‚,
1380 1386 1535 1417 omnes
1553 1400 1568 1424 ,
1591 1376 1635 1415 δε
1652 1366 1824 1415 saturati
1853 1364 1972 1415 sunt.
2001 1370 2058 1415 Et
2084 1365 2206 1433 quod

1309 1473 1339 1498 „
1381 1440 1504 1506 super
1520 1439 1601 1486 fuit
1635 1437 1688 1484 de
1724 1439 1979 1504 fragmentis
2012 1439 2206 1484 tulerunt

1310 1542 1340 1569 ‚,
1380 1510 1543 1576 septem
1566 1507 1733 1573 sportas
1762 1510 1909 1574 plenas
1926 1540 1937 1551 .
1964 1511 2100 1555 Erant
2129 1524 2203 1552 au-

1309 1612 1340 1637 „
1381 1595 1498 1636 tem,
1518 1581 1593 1643 qui
1612 1578 1997 1633 manducauerant‚
2012 1593 2201 1642 quatuor

1310 1679 1343 1707 υ
1381 1650 1520 1695 millia
1535 1651 1799 1703 hominum,
1821 1661 1936 1696 extra
1953 1649 2157 1713 paruulos
2185 1675 2201 1703 2

1312 1751 1343 1776 >³
1382 1721 1641 1767 &mulieres
1658 1753 1669 1764 .

1333 1829 1334 1832 ,
1391 1806 1461 1843 19.
1551 1789 1912 1836 collocutionem
1950 1789 2064 1837 Iesus
2098 1810 2198 1838 cum

1323 777 1354 802 Ἰ)

1323 847 1356 872 ³)

1314 1262 1343 1287 θ)

365 1851 551 1899 liistoriae
582 1849 765 1917 expressa
797 1853 853 1900 est
891 1855 936 1899 in
966 1853 1046 1900 hac
1077 1858 1209 1901 Icone
1239 1859 1490 1917 ‚Cmuliere
1514 1860 1783 1905 Samaritana
1814 1858 2057 1907 Iconismus
2086 1861 2198 1909 iste...

365 1922 542 1988 quando
559 1919 715 1970 scilicet
746 1920 857 1970 Iesus
884 1924 1111 1971 ambulans
1126 1922 1249 1990 supra

362 2010 483 2041 mare
510 1993 682 2040 acccffit
712 1992 768 2040 ad
796 2012 869 2040 eos
900 2026 914 2049 ,
951 2009 1001 2042 vt
1027 1999 1248 2054 num.48.

361 2096 392 2121 >³
419 2070 462 2109 &c
475 2064 580 2107 circa
594 2078 798 2126 quartam
810 2065 1011 2129 vigiliam
1024 2067 1164 2112 nodtis
1176 2082 1249 2114 ve—

360 2166 392 2193 „
419 2133 485 2178 nit
501 2131 556 2178 ad
574 2150 647 2179 eos
674 2134 904 2181 ambulans
932 2133 1056 2200 supra
1083 2153 1203 2182 mare
1233 2167 1246 2190 ‚

359 2201 655 2263 „-&volebat
687 2207 899 2269 praeterire
932 2222 1032 2251 eos.
1066 2210 1131 2252 At
1155 2207 1245 2264 illi,

358 2306 389 2333 9,
416 2286 465 2341 vt
481 2270 683 2318 viderunt
697 2291 798 2320 eum
811 2275 1110 2322 ambulantem
1123 2275 1245 2339 supra

358 2377 389 2404 υ
416 2357 535 2387 mare
563 2354 826 2403 putauerunt
855 2342 1117 2406 phantafina
1135 2343 1211 2392 effe
1228 2376 1241 2400 ,

358 2448 387 2473 „
414 2418 460 2456 &
491 2409 837 2458 exclamauerunt
865 2443 876 2455 .
919 2416 1091 2461 Omnes
1123 2416 1240 2462 enim

358 2522 389 2546 :a
408 2477 617 2527 viderunt
633 2497 732 2526 eum
746 2512 760 2537 ,
788 2489 832 2529 &
848 2485 1093 2531 conturbati
1111 2479 1209 2531 sunt
1223 2517 1238 2541 ,

358 2582 387 2605 2,
412 2556 456 2596 δε
471 2548 613 2595 statim
633 2549 800 2598 locutus
815 2550 873 2598 est
886 2570 985 2600 cum
1004 2557 1061 2601 eis
1076 2586 1090 2610 ·,
1112 2564 1157 2603 &
1172 2554 1238 2601 di-

358 2649 387 2673 „
411 2621 472 2666 xit
487 2621 544 2667 eis
560 2618 789 2669 :confidite
805 2653 818 2678 ,
848 2639 931 2686 ego
948 2622 1042 2671 sum
1061 2656 1074 2680 ,
1102 2625 1240 2673 nolite

357 2719 386 2744 2,
410 2703 561 2743 timere
580 2730 590 2740 .

433 2763 502 2807 18.
575 2762 730 2827 Magni
762 2763 876 2810 illius
915 2766 1113 2812 miraculi
1145 2766 1237 2832 spe-

357 2831 492 2875 cratiu-
506 2830 587 2877 hoc
604 2836 649 2878 in
665 2834 762 2880 loco
776 2833 1146 2900 liistoria,quando
1160 2836 1236 2883 sci-

357 2897 456 2944 licet
474 2904 695 2949 Dominus
711 2919 898 2969 quatuor
914 2909 1121 2953 Virorum
1135 2907 1236 2953 mil—

355 2966 411 3011 lia
434 2965 595 3032 septem
616 2975 795 3033 panibus
810 3005 823 3028 ‚
858 2974 1088 3040 paucisque
1111 2974 1235 3042 pisci—

354 3037 457 3082 culis
471 3036 611 3094 iatiat,
628 3039 798 3090 sublatis
816 3042 980 3110 septem
995 3043 1234 3110 sportarum

354 3108 575 3170 reliquijs:
611 3111 675 3155 Sic
700 3111 816 3158 idem
835 3116 962 3162 refert
977 3118 1236 3164 miraculum

353 3177 622 3241 Euangelista
645 3181 882 3227 Marthaeus
902 3200 1071 3247 cap-15.
1099 3205 1141 3233 n.
1162 3203 1236 3246 32.

352 3272 384 3299 υ
414 3247 525 3293 lestis
544 3264 690 3296 autem
724 3255 974 3299 conuocatis
1006 3255 1238 3322 Discipulis

1310 1928 1505 1995 designat
1519 1961 1534 1985 2
1552 1929 1603 1976 de
1620 1947 1704 1995 qua
1720 1933 1904 1975 Ioannes
1923 1948 2015 1994 cap.
2032 1946 2076 1989 4.
2093 1948 2133 1980 n.
2153 1943 2196 1983 6.

1307 2031 1337 2057 υ
1371 2004 1474 2048 Erat
1493 2016 1637 2047 autem
1652 2000 1710 2047 ibi
1728 1999 1824 2046 fons
1841 2000 1983 2046 Iacob.
2004 2000 2117 2047 Iesus
2133 2019 2195 2047 er-

1307 2103 1337 2126 „
1370 2090 1428 2136 go
1458 2070 1658 2136 fatigatus
1691 2089 1740 2117 ex
1762 2072 1911 2117 itinere
1941 2069 2109 2118 sedebat
2142 2071 2195 2118 fic

1305 2173 1335 2197 ῃ
1370 2141 1493 2207 supra
1513 2144 1683 2190 fontem
1703 2174 1713 2185 .
1731 2144 1850 2187 Hora
1866 2155 1950 2187 erat
1963 2141 2082 2204 quasi
2107 2140 2195 2188 sex-

1303 2242 1334 2265 „
1367 2228 1436 2258 ta.
1465 2217 1598 2260 Venit
1628 2212 1784 2258 mulier
1801 2209 1853 2256 de
1874 2213 2060 2257 Samaria
2091 2211 2195 2258 hau-

1303 2312 1336 2337 „
1366 2284 1445 2327 rire
1459 2299 1615 2346 aquam
1633 2321 1642 2330 .
1660 2282 1782 2327 Dicit
1799 2285 1833 2325 ei
1854 2279 1979 2327 lesus:
1998 2286 2068 2327 Da
2086 2283 2193 2327 milii

1301 2383 1330 2408 „
1365 2351 1532 2413 bibere(
1547 2349 1756 2415 Discipuli
1768 2351 1884 2396 enim
1902 2352 1988 2396 eius
2004 2351 2195 2398 abierant

1299 2454 1331 2482 „
1362 2424 1409 2468 in
1446 2423 1719 2477 Ciuitatem,
1749 2435 1797 2468 vt
1817 2420 1934 2467 cibos
1965 2422 2191 2480 emerent)

1299 2527 1331 2553 „
1363 2492 1487 2539 Dicit
1503 2508 1607 2555 ergo
1623 2493 1684 2537 illi
1699 2491 1853 2537 mulier
1870 2492 1942 2537 illa
1960 2494 2190 2537 Samarita-

1299 2597 1329 2623 „
1360 2579 1417 2608 na
1441 2580 1453 2607 ;
1482 2560 1711 2625 quomodo
1742 2576 1789 2607 tu
1806 2560 1972 2608 Iudaeus
1999 2560 2163 2607 cumsis
2180 2590 2196 2616 ,

1297 2669 1328 2693 υ
1361 2629 1544 2678 bibere&
1575 2649 1646 2678 me
1675 2629 1840 2696 poscis,
1874 2649 1968 2696 quae
1985 2631 2077 2678 sum
2095 2648 2191 2676 mu-·

1297 2740 1327 2763 „
1358 2702 1433 2747 lier
1461 2703 1758 2750 SamaritanaZ
1790 2719 1881 2748 non
1912 2706 2029 2749 enim
2070 2718 2181 2747 cou-x

1296 2810 1327 2834 ‚,
1359 2785 1510 2818 tuntur
1529 2769 1661 2818 Iudaei
1678 2774 1970 2818 Samaritanis.
1990 2769 2186 2835 Respon-

1294 2880 1326 2903 Ὦ
1360 2840 1424 2887 dit
1443 2838 1555 2887 Iesus
1573 2873 1586 2896 ,
1607 2849 1652 2887 δε
1666 2840 1774 2888 dixit
1791 2845 1827 2888 ei
1848 2860 1858 2888 x
1885 2844 1924 2889 Si
1943 2840 2062 2888 scires
2089 2845 2186 2887 Do-

1295 2949 1327 2974 „
1357 2927 1465 2957 num
1487 2913 1571 2956 Dei
1589 2941 1604 2965 ‚
1619 2919 1663 2958 δε
1679 2913 1775 2976 quis
1791 2911 1862 2965 est,
1879 2913 1952 2974 qui
1973 2911 2078 2957 dicit
2093 2911 2184 2956 tibi:

1294 3018 1325 3043 7,
1358 2979 1410 3027 da
1431 2979 1541 3026 mihi
1572 2981 1742 3027 bibere:
1770 2978 2183 3046 tufoi·1ita11petilles

1293 3089 1325 3115 υ
1357 3050 1408 3097 ab
1428 3059 1542 3107 e0,&
1562 3049 1737 3097 dediffet
1749 3050 1826 3096 tibi
1848 3068 2007 3115 aquam
2021 3052 2188 3099 vinam.>

1295 3159 1325 3183 Ὦ
1357 3122 1481 3167 Dicit
1499 3122 1536 3168 ei
1551 3121 1727 3166 mulier:
1756 3122 1984 3177 Domine,
2006 3138 2181 3185 neque-

1297 3228 1327 3254 >³
1354 3192 1399 3236 in
1416 3207 1505 3253 quo
1519 3188 1704 3241 haurias,
1721 3188 1866 3245 habes,
1881 3199 1924 3237 &
1947 3207 2099 3258 puteus
2120 3193 2182 3238 al-

1304 3289 1333 3314 „
1362 3274 1426 3307 tus
1440 3256 1496 3305 est
1509 3288 1519 3301 ·
1533 3254 1667 3318 „Vnde
1680 3274 1784 3324 ergo
1797 3260 1926 3311 habes
1941 3278 2101 3326 aquam
2117 3272 2180 3318 vj-

1976 3348 2077 3380 uam
2097 3349 2109 3385 3
