2378 3674
290 292 379 336 142

466 400 837 456 CAPVT
924 401 1099 450 XIX.

636 266 754 319 DE
825 258 1221 312 SACRIS
1295 254 1901 309 AEDIFICIIS

1308 327 1561 382 attributa,
1593 324 1910 383 recensentur,
1927 326 2180 375 videlicet:
2203 327 2285 375 Pa-

1309 414 1428 448 tenas
1447 411 1665 463 argenteas
1688 395 1791 443 duas
1814 398 1989 462 pensan.
2012 397 2209 466 fingulas
2225 399 2281 444 li-

1309 468 1407 517 bras
1423 470 1621 534 viginti.
1638 465 1824 530 Scyphos
1840 482 2051 533 argenteos
2078 486 2164 516 tres
2175 480 2283 531 pen·

2359 324 2362 355 i

281 551 349 602 Dc
370 544 546 609 Ecclefi'a
569 541 868 606 Apostolorum
888 543 935 588 in
964 536 1085 590 Urbe
1102 540 1260 604 Capua,
1300 538 1642 610 santesstngttlos
1654 534 1789 584 libras
1798 535 1899 583 οὲἶο.
1914 538 2080 586 Calices
2094 538 2288 587 minifle-
2364 578 2366 591 ζ

385 634 466 682 quae
494 615 530 664 C
535 613 857 662 vastantiniana
886 611 1158 658 denominata

703 679 805 750 fuit
820 717 830 727 .

1313 612 1445 659 riales
1465 627 1482 655 1
1496 624 1539 670 5.
1563 606 1785 675 pensantes
1792 605 1967 673 singuli
1995 607 2123 656 libras
2146 609 2251 657 duas
2271 643 2280 653 .

1314 682 1450 730 Amas
1468 694 1685 747 argenteas
1701 676 1805 725 duas
1810 677 2039 744 pensantes
2044 677 2223 744 singula:
2234 679 2288 725 li-

1312 752 1406 797 bras
1425 768 1442 795 1
1456 769 1499 797 0.
1516 751 1554 799 C
1557 745 1787 796 candelabra
1802 763 1903 795 aerea
1915 751 1963 794 in
1971 745 2151 811 pedibus
2164 747 2286 796 denis

283 828 372 951 Ε
399 822 558 871 Adem
598 819 782 888 prorsus
809 856 824 877 ,
863 821 1012 866 immo
1046 811 1260 864 fortasse,
1301 822 1526 887 penfimtia
1546 818 1717 886 fingula
1762 815 1897 866 libras
1944 822 2053 866 180.
2105 818 2291 868 Phara-⁴

416 912 446 960 g

451 892 633 939 raviora
667 890 923 938 infortunia
952 924 968 945 ‚
1018 904 1069 933 ac
1098 884 1257 952 supra·
1311 891 1518 937 canthara
1560 908 1614 936 ex·
1657 905 1829 955 argento
1866 891 2056 954 triginta
2081 921 2096 943 ‚
2135 892 2189 936 (T
2215 886 2289 934 do-

281 975 544 1011 memorata
577 958 800 1010 Ostienfis
831 995 847 1017 ,
904 960 952 1007 &
983 952 1261 1003 Albanenfis

281 1030 438 1086 Urbes
468 1067 484 1088 ,
522 1034 745 1097 Capuana
775 1030 962 1078 Civitas
988 1023 1113 1092 passa
1140 1021 1264 1083 fuit;

283 1120 390 1150 nam
409 1098 690 1149 Gensericus
709 1097 1041 1148 Vandalorum
1061 1098 1165 1143 Rex
1187 1112 1263 1140 an-

282 1190 343 1220 no
361 1187 476 1235 455.
497 1187 600 1218 eam
633 1170 771 1237 caepit
792 1205 808 1226 ,
827 1181 965 1234 atque
987 1166 1259 1213 demolivit.

281 1240 347 1288 Ea
382 1239 553 1289 deinde
586 1237 641 1286 ab
673 1238 972 1306 Ostrogothis
1000 1231 1227 1300 occupata
1251 1269 1265 1290 ,

283 1324 419 1377 atque
438 1310 506 1357 his
537 1307 673 1377 pulfis
706 1328 731 1356 a
759 1306 957 1356 Narsete
979 1302 1263 1360 restaurata,

283 1383 457 1428 iterum
489 1380 703 1427 Saraceni
732 1376 1035 1426 vastaverunt
1064 1411 1074 1421 .
1131 1374 1260 1420 Tan-

282 1450 392 1498 dem
419 1468 443 1495 a
462 1447 782 1517 Longobardis
801 1445 883 1494 sub
903 1447 1093 1513 triginta
1118 1445 1262 1490 Duci-

282 1518 368 1567 bus
397 1517 551 1566 delata
584 1534 702 1565 anno
738 1522 852 1580 840.
894 1517 943 1565 &
988 1518 1034 1562 in
1062 1517 1260 1562 Monte-2

284 1585 499 1645 Trifico,
536 1585 592 1634 ab
624 1605 679 1636 eo
714 1589 817 1636 loco
843 1584 1026 1634 duobus
1046 1582 1259 1631 millibus

283 1656 517 1727 passuum,
535 1659 581 1704 in
603 1675 695 1723 quo
711 1655 793 1705 fita
807 1670 951 1712 erat‚a
970 1653 1257 1720 Landulpho

283 1730 476 1777 Seniore
493 1726 642 1794 stirpis
658 1725 1024 1794 Longobardicae
1038 1760 1053 1781 ,
1069 1719 1260 1772 veteris-

281 1815 371 1865 que
389 1799 562 1864 Capuae
578 1796 800 1845 Gastaldo
816 1831 831 1853 ,
849 1798 896 1845 ὃ(
922 1798 1143 1852 Comite‚
1176 1790 1260 1840 sub

283 1868 472 1915 nomine
496 1867 725 1934 Sicopolis
744 1864 965 1913 aedificata
981 1901 997 1922 ,
1030 1883 1114 1912 nec
1146 1864 1266 1910 mul-

284 1933 337 1983 to
356 1935 453 2002 post
473 1971 488 1992 ‚
522 1935 581 1983 ob
602 1937 751 1983 multa
767 1936 1169 1984 commorantium
1197 1928 1264 1978 fa-

286 2007 461 2060 cinora,
482 2007 575 2072 igni
599 2005 770 2052 tradita
791 2003 855 2053 est
872 2027 885 2066 3
903 2022 1042 2071 quam
1063 2017 1116 2051 ut
1135 2001 1190 2049 ab
1210 2020 1262 2050 ea

283 2075 554 2123 calamitate
589 2073 870 2131 liberarent,
884 2073 1041 2122 Lando
1054 2077 1228 2122 Comes
1246 2107 1262 2128 ,

286 2144 585 2211 Landulphus
605 2145 857 2212 Episcopus
879 2180 894 2202 ,
914 2145 1157 2208 caeterique
1177 2140 1263 2188 fra-

283 2227 375 2261 tres
394 2213 658 2282 Landulphi
677 2214 762 2261 filii
781 2250 796 2272 ,
824 2227 877 2260 ut
896 2215 1265 2280 Erchempertus

283 2282 637 2340 scribstmovam
656 2289 872 2350 Capuam
892 2319 907 2340 ,
923 2301 1022 2351 quae
1040 2285 1123 2330 hac
1143 2296 1264 2330 tem-

286 2353 458 2420 pestate
478 2366 635 2410 extat,
652 2372 770 2401 anno
790 2359 905 2415 856⁴.
931 2353 1260 2402 condiderunt.

284 2424 445 2488 Qare
480 2422 538 2469 de
567 2422 768 2488 'antiqua
800 2426 965 2490 Capua
1006 2422 1115 2471 cum
1147 2421 1262 2468 nihil

286 2489 416 2538 aliud
435 2504 600 2558 praeter
618 2493 900 2540 memoriam
920 2490 1111 2559 superfit
1124 2526 1140 2547 ‚
1163 2507 1264 2557 pro-

285 2574 443 2629 pterea
470 2559 527 2608 de
560 2558 808 2629 magnifica
832 2560 1023 2609 Basilica
1049 2581 1071 2608 a
1105 2558 1260 2607 nostro

285 2635 575 2697 Imperatore
598 2629 855 2679 constructa
873 2666 888 2689 ‚
918 2649 1015 2697 quae
1031 2628 1258 2680 Constan-

285 2701 459 2747 tiniana
479 2702 711 2768 appellata
726 2696 817 2747 fuit
833 2736 849 2758 ‚
868 2700 915 2748 id
933 2698 1083 2748 solum
1099 2735 1115 2757 ,
1133 2696 1259 2764 quod

285 2771 332 2816 in
364 2767 623 2837 saepecitato
645 2769 905 2818 Pontificali
938 2769 1059 2818 libro
1077 2806 1093 2828 ‚
1136 2786 1186 2815 ac
1208 2769 1257 2814 B.

285 2838 639 2904 SylvestriVita
656 2839 880 2907 scriptum
897 2841 1259 2895 invenimus,re-

282 2907 404 2956 ferre
430 2910 642 2958 valemus
657 2947 671 2967 ,
689 2928 884 2978 nempe:
906 2909 1061 2959 Eodem
1079 2923 1260 2975 tempore

270 2977 385 3045 fecit
425 2978 691 3047 Beatiffimus
742 2980 1054 3031 Conflantinus
1105 2983 1256 3046 Augu·

284 3049 380 3096 ,flus
424 3053 539 3095 intra
574 3049 737 3101 Urbem
768 3053 954 3116 Capuam
997 3049 1258 3117 Bastlicanz„

284 3117 580 3180 Apostolorum
595 3154 611 3175 ‚
645 3136 767 3186 quam
797 3124 1124 3189 cognominavit
1149 3121 1256 3170 Con-

283 3186 593 3235 stantinianam
631 3224 640 3233 .
704 3187 849 3236 Paulo
886 3188 985 3256 post
1023 3189 1256 3237 donaria„

285 3253 440 3300 eidem
459 3255 659 3303 Bafilicae
682 3255 736 3303 ab
763 3258 930 3306 eodem
957 3261 1253 3325 Imperatore

1312 978 1425 1017 num,
1443 958 1554 1026 quod
1581 957 1752 1014 obtulit,
1763 957 2052 1025 pffsiionem
2083 962 2131 1006 in
2162 960 2294 1004 terri-

1314 1035 1422 1078 torio
1452 1027 1690 1078 Menterno
1722 1061 1732 1071 .
1775 1026 1971 1094 M‘ff‘m
2003 1028 2290 1077 statilianam

1306 1101 1581 1165 praestantem
1597 1097 1764 1163 sblidos
1793 1114 1999 1146 trecentos
2040 1100 2093 1146 (Τ
2122 1096 2292 1163 quinde-

1317 1176 1425 1220 cim.
1452 1168 1757 1235 Pcff’frionem
1784 1173 1832 1216 in
1843 1172 2060 1217 territorio
2089 1168 2294 1231 quctano

1312 1241 1590 1309 praes‘iantem
1611 1237 1776 1306 sblidos
1814 1239 2054 1305 ofiuaginta
2083 1243 2291 1305 quinque.

1318 1310 1607 1378 Pqffeffionem
1654 1307 1884 1356 Paternum
1925 1313 2139 1357 territorio
2169 1309 2292 1376 Sues-

1302 1385 1411 1451 sano
1445 1380 1719 1444 praestantem
1751 1378 1916 1444 fhlidos
1955 1394 2118 1427 centum
2168 1383 2291 1445 quin-

1315 1453 1545 1520 quaginta.
1590 1448 1883 1516 Pcffessionem
1914 1448 1972 1495 ad
2013 1464 2170 1495 centum
2204 1465 2291 1496 ter-

1312 1525 1465 1574 ritorio
1486 1522 1678 1576 Capuano
1698 1519 1975 1581 praefi'antem
1988 1518 2148 1585 fhlidos
2161 1519 2291 1584 fiexa·

1306 1599 1432 1665 ginta
1461 1624 1471 1635 .
1516 1589 1812 1656 Pfffiionem
1835 1592 1883 1635 in
1912 1588 2049 1637 eodem
2079 1594 2293 1638 territorio

1311 1664 1505 1732 Suffmo
1540 1659 1820 1707 Gauronicam
1843 1659 2115 1722 praeft'antem
2128 1660 2294 1725 fhlidos

1314 1732 1598 1804 quadraginta
1626 1764 1636 1774 .
1688 1727 1980 1796 Pcfflsiionem
2010 1727 2169 1780 Leonis
2183 1744 2293 1796 prae-

1314 1798 1672 1867 flantemsblidos
1702 1797 1984 1866 quadraginta
2001 1834 2012 1845 .

1518 1937 1888 1987 CAPVT
1961 1941 2096 1989 XX.

1314 2083 1383 2132 De
1401 2077 1580 2146 Bafilica
1600 2075 1928 2142 Apoflolorum,
1957 2072 2291 2144 &Martyrum,

1475 2149 1554 2218 fiu
1579 2146 1625 2196 S.
1643 2146 1876 2197 Restituta·
1902 2143 2115 2210 Neapoli.

1437 2285 1650 2353 ‘Eapolis
1680 2285 1822 2332 totius
1863 2284 2010 2333 Italiae
2041 2279 2291 2331 clariffima

1484 2355 1667 2403 Civitas
1684 2388 1699 2410 ,
1719 2355 2116 2421 Neapolitanique
2133 2353 2289 2420 Regni

1316 2431 1472 2492 Caput
1492 2459 1507 2480 ,
1549 2424 1748 2472 Civium
1778 2422 2088 2470 multitudine
2105 2456 2121 2478 ,
2143 2421 2290 2470 Nobi-

1315 2498 1539 2558 litateque
1582 2493 1767 2559 inclyta
1811 2490 1948 2540 facile
1982 2507 2145 2540 omnes
2180 2493 2290 2540 alias

1315 2562 1529 2632 superans
1569 2562 1803 2612 Civitates
1835 2598 1851 2620 ,
1912 2562 2195 2630 Emporium
2228 2559 2292 2609 est

1312 2631 1671 2683 celeberrimum
1700 2667 1715 2689 ,
1758 2651 1809 2680 ac
1843 2633 2098 2680 Provinciae
2129 2631 2290 2679 Terrae

1313 2702 1506 2752 Laboris
1527 2703 1748 2769 primaria
1768 2737 1784 2758 ,
1816 2718 1915 2767 quae
1939 2699 2000 2750 ob
2033 2701 2144 2750 eseli
2164 2714 2287 2747 tem-

1313 2774 1491 2842 periem
1508 2807 1524 2829 ‚
1560 2772 1648 2818 loci
1675 2773 2030 2830 amoenitatem,
2065 2768 2284 2819 aedificio-

1310 2859 1510 2908 rumque
1529 2841 2050 2909 pulchritudinem,non
2072 2840 2284 2888 immeri-

1309 2913 1359 2961 τὸ
1380 2912 1524 2961 Italiae
1543 2909 2072 2978 Paradisus,naturaeque
2085 2911 2287 2957 miracu-

1312 2985 1414 3031 lum
1432 2981 1657 3048 appellari
1686 2982 1816 3030 valet
1832 3017 1842 3028 .
1881 2982 2017 3031 Olim
2034 2978 2287 3027 Partheno-

1311 3070 1394 3121 pea
1420 3050 1585 3107 audit,
1615 3052 1756 3099 variis
1789 3050 1960 3099 deinde
1982 3062 2249 3112 temporum
2272 3080 2289 3102 ,

1309 3119 1592 3186 casuumque
1609 3118 2004 3168 vicissitudinibus
2021 3112 2287 3172 succubuit,

1309 3205 1363 3240 ut
1379 3192 1533 3259 plures
1561 3190 1866 3255 antiquorum
1882 3183 2191 3234 aedificiorum
2210 3201 2285 3232 re-

1308 3261 1482 3327 liquiae‚
1498 3259 1751 3326 epitaphia,
1765 3261 1953 3315 Statuae,
1971 3256 2138 3326 cyppi,
2154 3255 2286 3303 colu-

2148 3340 2286 3383 mnae,

2366 745 2375 832 ἶ.
