2378 3674
282 291 339 332 ς]
633 270 749 319 Di}
837 265 1235 316 SACRIS

280 343 371 388 haec
390 341 716 386 columnarum
734 337 857 401 icpta
878 333 1112 383 Beatiffim
1121 337 1255 383 usPa-

1334 262 1925 316 AEDIFICIIS

1384 352 1427 392 7.
1468 335 1614 400 Prope
1642 335 1729 381 hoc
1747 335 2080 386 candelabrum
2101 371 2116 393 ,
2155 350 2208 384 ut
2239 338 2285 382 in

282 430 337 478 pa
350 411 607 476 Gregorius
625 406 867 454 HLtrium
887 403 1020 472 supra
1035 409 1252 475 nonagin.
1308 421 1439 451 num.
1462 421 1505 461 7.
1544 421 1767 470 magnum
1797 421 1895 454 erat
1923 424 2286 455 marmoreum-2

283 495 328 527 ta
347 481 678 545 Epilcoporum
697 476 970 522 Concilium
1002 479 1158 544 coegit
1174 493 1257 543 pro

281 549 539 596 sanctarum
558 545 831 610 Imaginum
850 547 981 593 cultu
995 582 1010 603 ,
1039 564 1150 612 quas
1173 549 1260 593 im-

1311 472 1601 542 suggestum,
1620 474 1760 523 Ambo
1782 474 1961 523 dictum
1979 512 1994 532 ,
2013 474 2146 543 supra
2158 476 2286 542 quod

1313 544 1531 593 Verbum
1549 546 1669 601 Dei,
1705 547 1754 595 ὃ(
1773 544 2119 595 Sacrosanchim
2138 547 2289 594 Evan-

284 622 384 686 pius
413 613 563 664 Caesar
595 615 690 662 Leo
711 612 895 663 lsaurus
924 614 1258 684 impugnabat,
1310 616 1489 682 gelium
1522 613 1613 661 alta
1666 633 1783 664 xoce
1814 616 1996 682 Populo
2028 611 2298 665 annunciari

281 703 437 742 quem,
453 685 520 731 uti
545 698 734 732 caeteros
747 687 1010 750 pervicaces
1030 722 1045 742 ,
1067 687 1256 734 anathe-
1313 682 1492 732 solebat
1515 719 1526 729 .

281 769 405 803 mate
424 753 552 802 feriit
567 789 583 810 ,
620 756 670 802 ὃς
686 755 891 802 alienum
908 774 931 801 a
949 774 1147 821 corpore
1162 792 1175 812 ‚
1209 757 1258 804 &

1383 754 1472 803 Sed
1509 753 1653 801 modo
1685 757 1881 802 ulterius
1909 754 2160 822 procedere
2184 790 2200 813 ,
2237 757 2287 806 δε

278 826 499 891 sanguine
520 827 580 871 D.
600 821 790 892 N.Jesu
807 825 980 873 Christi
998 862 1014 883 ,
1033 828 1081 875 ὃς
1100 826 1256 873 Eccle-
1310 821 1429 870 scitu
1464 826 1696 890 permulta
1728 823 1993 893 digniffima
2032 828 2153 872 intra
2179 826 2293 871 hanc

280 893 350 942 siae
382 896 522 942 totius
549 896 730 942 unitate
751 890 838 942 effe
858 895 1100 951 decrevit,
1119 909 1172 942 ut
1188 896 1258 941 Bi-

282 964 610 1011 bliothecarius
630 965 676 1010 in
694 963 911 1025 ejusdcm*
934 963 1166 1013 Pontificis
1197 966 1264 1011 vi-

281 1050 324 1081 ta
344 1033 535 1081 testatur
549 1069 559 1079 .
578 1036 830 1083 Ciaconius
848 1032 962 1081 vero
984 1036 1263 1084 Concilium

281 1103 555 1170 praediRum
575 1105 622 1151 in
652 1102 954 1152 Lateranenfi
974 1103 1176 1153 Ecclesia
1193 1121 1264 1152 ce-

280 1172 516 1221 lebratum
529 1170 659 1222 fuisse
677 1170 845 1235 afferit3
864 1193 955 1240 quo
972 1174 1101 1232 teste,
1125 1178 1260 1244 igno-

283 1262 332 1291 ro
351 1279 360 1289 .
379 1246 486 1291 Scio
507 1257 769 1311 tamen,pro
785 1247 1020 1295 Vaticano
1039 1246 1262 1295 Concilio

282 1314 488 1361 militare
525 1331 798 1362 marmoreae
830 1313 998 1363 tabulae
1021 1313 1260 1385 fragmen-

283 1397 383 1430 tum
403 1419 418 1440 ,
458 1384 586 1450 quod
608 1384 759 1432 adhuc
783 1385 829 1431 in
855 1383 1055 1434 Basilica?
1080 1389 1265 1454 cryptis

282 1449 535 1501 asservatur
569 1489 584 1511 ,
624 1456 668 1500 in
697 1473 790 1520 quo
824 1455 963 1503 incisa
987 1474 1086 1523 pars
1119 1459 1264 1505 Bullae

283 1524 456 1590 legitur
478 1525 565 1571 hoc
587 1526 632 1570 in
662 1524 832 1574 eodem
851 1528 1074 1574 Concilio
1091 1546 1114 1574 a
1134 1527 1263 1576 dicto

285 1591 556 1642 Beatissimo
576 1592 801 1642 Pontifice
823 1598 1060 1663 Gregorio
1088 1596 1226 1645 editae
1246 1634 1257 1643 .

283 1666 353 1710 At
375 1677 557 1711 motum
577 1663 665 1713 hoc
689 1664 891 1713 dubium
911 1667 1160 1714 dilucidari
1188 1687 1268 1735 po-

284 1730 385 1788 test,
406 1730 438 1779 si
460 1731 722 1791 afferamus,
737 1732 870 1801 supra
886 1735 1129 1783 laudatum
1146 1739 1265 1786 Pon-

284 1800 464 1849 tificem
485 1838 501 1859 ,
537 1806 701 1851 Roma>
720 1805 816 1853 duo
835 1803 1082 1854 celebraffe
1098 1810 1273 1856 Conci-

283 1873 569 1931 lia5alterum
590 1875 635 1919 in
655 1875 1112 1931 Laterano,alterum
1131 1878 1177 1922 in
1196 1879 1279 1923 hac

286 1942 517 1990 Vaticana
550 1940 771 1991 Basilica:
814 1946 861 1990 in
888 1946 1042 2010 primo
1070 1944 1275 1993 celebra-

286 2025 336 2058 to
367 2014 509 2057 Anno
530 2026 589 2069 73
608 2030 645 2058 1.
677 2013 834 2060 aestum
855 2009 985 2062 fuiffe
1013 2012 1071 2062 de
1095 2013 1272 2065 causa„

288 2081 510 2146 Gregorii
532 2081 820 2147 Apostolicae
842 2084 971 2131 Sedis
990 2084 1173 2152 Legati,
1192 2090 1272 2152 qui

286 2150 533 2217 epistolam
551 2150 696 2200 Leoni
717 2154 1028 2220 Imperatori,
1064 2156 1272 2205 humano

287 2233 466 2267 terrore
480 2224 852 2278 motus,ininimc³
874 2226 1272 2293 pori·exit.Q1are

287 2289 462 2336 cumin
487 2291 574 2338 hoc
596 2306 809 2358 ageretur
827 2295 1050 2342 Concilio
1078 2296 1135 2343 de
1162 2315 1273 2344 cau-

288 2357 333 2404 sa
350 2360 523 2424 privati
545 2361 747 2409 hominis
768 2397 783 2418 ,
821 2363 975 2428 ipsum
998 2367 1275 2414 Concilium

291 2429 339 2474 in
369 2427 664 2480 Lateranenfi
697 2432 874 2479 Palatio
903 2433 1119 2483 habitum
1150 2433 1273 2483 fuit.

292 2501 346 2545 In
363 2494 565 2545 secundo
583 2499 695 2545 vero
711 2497 821 2547 cum
836 2519 1052 2567 ageretur
1069 2504 1128 2553 de
1143 2503 1278 2552 causa

292 2568 450 2621 Fidei,
469 2567 697 2615 videlicet
732 2569 789 2616 de
809 2571 1129 2622 confirmanda
1151 2576 1271 2621 anti-

291 2654 380 2701 qua
400 2637 590 2683 Parrum
611 2638 864 2688 traditione
884 2644 1003 2691 circa
1024 2648 1274 2691 Sacrarum

293 2706 561 2773 imaginum
590 2705 760 2767 usum3
798 2709 907 2757 ideo
934 2728 1042 2761 ante
1068 2715 1119 2759 Β.
1153 2713 1277 2762 Petri

295 2793 458 2841 corpus
473 2772 601 2823 fuisse
619 2775 933 2837 celebratum,
949 2781 1114 2848 dequo
1135 2783 1281 2830 etiam

297 2842 414 2892 infra
434 2847 477 2890 in
496 2863 594 2912 cap.
612 2847 672 2894 de
688 2846 873 2897 Subter.
894 2852 1281 2917 part.Vat.Bafil.

297 2934 340 2962 n.
358 2933 406 2972 9.
440 2914 519 2961 ubi
549 2915 755 2982 praefatae
784 2920 931 2968 Bullae
960 2918 1283 2991 fragmentum

299 2981 515 3032 afferetur
529 3020 544 3040 ,
581 2984 851 3037 differemus
869 3027 879 3036 .

365 3061 413 3101 6.
456 3055 611 3102 Lateri
634 3057 832 3107 dextero
854 3064 1081 3110 anteriori
1098 3061 1284 3113 colum-

300 3140 463 3170 narum
481 3159 497 3180 ,
517 3128 747 3175 eximium
771 3129 1121 3183 Candelabrum
1135 3167 1152 3188 ,
1171 3149 1284 3199 pon-

302 3192 420 3240 deris
451 3197 604 3262 magni
638 3200 879 3256 Cereum,
915 3199 1099 3271 semper
1121 3203 1285 3253 arden-

301 3274 401 3308 tem
422 3297 436 3318 ,
472 3261 721 3314 sustinebat
737 3303 752 3324 ,
791 3282 844 3316 ut
868 3273 915 3317 in
934 3289 1061 3321 num.
1088 3282 1137 3322 ὅ.

1319 891 1560 940 Basilicam
1580 930 1595 951 ,
1613 894 1830 962 graphica
1848 893 2162 963 descriptione
2186 911 2293 961 pro-

1317 961 1442 1028 sequi
1464 999 1479 1019 ,
1505 964 1677 1013 nccelie
1708 964 1802 1012 est.

1387 1038 1431 1082 8.
1471 1032 1549 1079 ,Ab
1567 1038 1673 1082 Aris
1693 1037 1966 1101 igitur,quae
1984 1035 2083 1101 post
2098 1033 2294 1084 ferream

1316 1116 1496 1152 cratem
1513 1139 1529 1160 ,
1556 1102 1633 1152 seu
1654 1106 1881 1152 cancellos
1897 1101 2104 1171 superius
2125 1103 2297 1153 descri-

1318 1173 1547 1239 ptos,hinc
1570 1173 1675 1221 inde
1693 1172 2016 1240 sequebantur,
2033 1173 2295 1222 ordiamur.

1317 1246 1372 1290 In
1397 1244 1560 1309 primis
1582 1256 1740 1291 autem
1759 1264 1782 1290 a
1803 1245 1980 1292 dextris
1997 1246 2176 1292 Altaris
2197 1262 2299 1291 ma-

1314 1315 1424 1374 joris
1443 1314 1645 1362 alterum
1679 1311 1822 1361 stabat
1841 1316 1985 1364 altare
2002 1318 2061 1362 D.
2078 1314 2236 1381 Xysto
2260 1318 2298 1362 Ι-

1318 1384 1456 1430 Pont.
1488 1387 1621 1431 Max.
1655 1387 1963 1451 Martyrique
1996 1383 2174 1432 sacrum
2195 1420 2211 1441 ,
2250 1394 2302 1430 ut

1323 1455 1370 1500 in
1392 1470 1524 1500 num.
1544 1458 1588 1501 8.
1612 1457 1724 1503 Hoc
1751 1452 1977 1502 Paschalis
1993 1459 2028 1505 I.
2048 1456 2167 1522 Papa
2181 1456 2304 1502 exci-

1321 1524 1443 1571 tavit
1459 1559 1475 1580 ,
1512 1527 1815 1590 tegimenque
1834 1523 2089 1573 mirificum
2122 1543 2146 1573 e
2178 1541 2303 1571 mar-

1320 1611 1449 1642 more
1467 1629 1482 1650 ,
1510 1592 1710 1642 Musivis
1730 1630 1746 1651 ,
1765 1592 2029 1660 auratisque
2050 1593 2208 1661 figuris
2227 1611 2302 1642 or-

1321 1665 1559 1720 natum,&
1579 1678 1781 1729 quatuor
1798 1666 2029 1712 columnis
2043 1661 2307 1722 suffultum,

1330 1733 1538 1803 superius
1557 1735 1758 1781 obduxit
1775 1769 1785 1779 .
1826 1731 2023 1783 Inferius
2048 1732 2163 1782 vero
2184 1731 2306 1795 ejus-

1332 1806 1443 1852 dem
1459 1801 1750 1851 B.Pontificis
1766 1822 1951 1871 corpus,
1972 1822 1996 1853 e
2009 1805 2305 1852 Coemeterio

1333 1870 1548 1929 Callisti,
1562 1871 1818 1921 honorifica
1837 1875 2009 1943 pompa
2030 1874 2307 1930 tumulavit,

1329 1945 1404 1990 cui
1437 1942 1535 2009 post
1552 1946 1639 1991 aevi
1660 1961 1752 1990 non
1770 1947 1929 2011 exigui
1952 1942 2131 2010 lapsum
2161 1941 2308 1991 socia-

1329 2027 1373 2060 ta
1390 2011 1519 2059 fuere
1537 2030 1732 2080 corpora
1764 2016 1837 2060 SS.
1857 2012 2048 2062 Fabiani
2066 2018 2103 2062 Ι.
2133 2014 2183 2063 ὃς
2209 2016 2312 2061 Ser·-

1324 2085 1391 2152 gii
1411 2086 1475 2130 II.
1497 2096 1548 2128 ut
1568 2101 1625 2132 ex
1645 2085 1894 2152 epigraphe
1924 2085 2096 2132 tumuli
2116 2118 2133 2141 ,
2169 2083 2312 2150 liqui-

1328 2155 1390 2202 do
1409 2152 1648 2200 constabat
1667 2191 1677 2201 .

1408 2226 1522 2271 Non
1552 2225 1686 2291 long&
1721 2224 1777 2271 ab
1815 2225 1902 2271 hoc
1928 2224 2061 2271 altari
2093 2221 2312 2284 jacebant:

1329 2311 1523 2360 corpora
1551 2295 1827 2343 Sanctorum
1859 2294 2096 2360 Peregrini
2115 2292 2309 2361 Episco-

1330 2367 1410 2432 pi,
1427 2365 1476 2412 &
1497 2366 1752 2428 Martyris,
1767 2366 1816 2413 ὃ(
1831 2363 2107 2412 Ceduvallae
2127 2365 2309 2432 Anglo-

1329 2440 1556 2481 taxonum
1573 2435 1712 2498 Regis
1730 2436 1939 2492 exuviae3
1961 2450 2164 2498 quorum
2182 2436 2312 2501 prior

1335 2509 1380 2553 in
1401 2502 1561 2549 Gallia
1579 2501 1822 2552 Praefeffms
1839 2539 1853 2560 ‚
1884 2502 2002 2565 juss‘u
2023 2502 2233 2565 ejusdem
2256 2505 2308 2549 B.

1327 2571 1476 2639 Xyl’t'i
1507 2573 1545 2618 Ι.
1576 2585 1790 2622 nutantes
1814 2572 1874 2621 ob
1910 2575 2128 2621 immanis
2164 2572 2313 2641 perse-

1331 2643 1568 2714 quutionis
1595 2656 1781 2690 metum
1810 2643 2019 2700 Fideles,
2051 2642 2311 2692 verborum

1336 2714 1506 2786 pariter
1527 2749 1542 2769 ‚
1559 2714 1607 2762 ὃ(
1627 2715 1833 2782 exempli
1848 2711 2055 2761 efficacia
2073 2712 2283 2761 firmavit
2297 2748 2315 2769 ,

1338 2783 1690 2851 roboravitque.
1712 2786 1854 2832 Alter
1873 2783 1987 2832 vero
2001 2782 2315 2833 Christianam

1339 2854 1641 2921 Religionem
1657 2855 1966 2922 amplexatus,
1980 2856 2024 2900 in
2043 2854 2126 2901 hac
2145 2856 2309 2901 Sacro-

1338 2925 1489 2973 sanfta
1508 2921 1701 2970 Basilica
1727 2924 1902 2972 lustrali
1920 2922 2035 2988 aqua
2062 2923 2318 2970 mundatus

1338 3016 1363 3043 a
1383 2995 1545 3061 Sergio
1557 2996 1594 3040 l.
1615 2992 1837 3042 Pontifice
1852 2992 2093 3042 sanctitate
2110 2988 2314 3040 celeber-

1338 3067 1461 3114 rimo
1480 3099 1495 3120 ,
1524 3064 1571 3110 in
1591 3062 1808 3129 Apostoli
1828 3064 2138 3112 reverentiam
2153 3097 2168 3117 ,
2186 3060 2313 3108 Petri

1335 3136 1526 3183 nomine
1544 3131 1607 3180 est
1624 3130 1869 3200 infignitus
1884 3169 1900 3191 ,
1936 3131 2156 3195 brevique
2174 3132 2315 3177 inter·-

1339 3205 1469 3254 vallo
1498 3201 1798 3250 obdormiens
1817 3205 1862 3248 in
1882 3200 2093 3248 Domino
2116 3235 2133 3257 ,
2173 3200 2220 3246 in
2242 3217 2315 3248 ea·

1336 3273 1444 3324 dem
1459 3271 1651 3323 Basilica
1665 3269 1869 3339 sepultus
1881 3268 2048 3328 fuit,de
2066 3287 2159 3336 quo
2177 3271 2314 3337 plura

2200 3335 2312 3386 scri-
2349 3366 2353 3369 -
