2378 3674
117 354 326 400 lamento
342 345 492 395 excisa
507 345 587 404 est,
601 346 727 412 quod
740 347 1002 414 supradicto
1021 352 1081 396 D.

109 439 133 468 e
150 418 399 485 conspeetu
425 419 694 486 opponitur.
719 421 773 465 In
788 419 971 476 loculis,
988 415 1085 466 five

108 490 535 539 loculamentorum
562 483 816 535 fornicibus
842 490 890 534 Β.
914 491 970 537 C.
990 488 1086 535 duo

106 558 213 607 sunt
231 556 420 606 Musiva
442 576 580 625 opera
609 558 713 603 rudi
747 554 983 604 elaborata
1001 560 1091 605 mi-

108 626 272 685 nerva,
299 645 397 693 quae
435 626 727 677 Constantini
769 628 935 694 Magni
971 640 1087 674 tem-

105 716 220 767 pora
249 695 561 765 praeseferunt,
591 692 700 741 etim
730 696 952 744 anteriori
987 715 1087 745 aevo

106 767 365 816 construcsta
378 764 547 813 affabre
566 764 818 822 delineata,
836 783 887 812 ac
901 765 1088 832 depicta

107 850 352 886 cernantur
372 870 381 880 .
420 834 711 883 Eorumdem
741 831 1084 883 Mufivorum-‚

107 907 324 972 exempla
362 905 472 953 vide
514 904 596 953 sub
627 902 810 951 Tabula
857 910 1082 958 XXXII.

108 978 158 1022 in
201 993 291 1042 qua
335 971 481 1042 figura
527 994 566 1022 1.
607 972 816 1023 Christus
862 978 1087 1043 exprimi-

109 1046 313 1111 tur,qui
331 1041 464 1102 stans,
491 1042 592 1092 aeli
625 1043 944 1101 benediceret,
972 1046 1084 1095 dex-

112 1129 233 1162 tram
251 1116 429 1171 elevat,
448 1112 621 1162 sinistra
642 1113 754 1162 vero
779 1116 981 1182 explicat
999 1135 1086 1164 vo·

106 1186 268 1232 lumen
284 1220 301 1242 ,
329 1186 376 1230 in
392 1201 485 1250 quo
503 1185 595 1232 haec
616 1204 626 1231 :
653 1185 864 1234 Dominus
883 1201 959 1250 pa-

105 1273 190 1304 cem
215 1255 314 1303 dat.
349 1253 449 1301 Post
469 1271 567 1319 quae
598 1271 957 1323 monogramma
998 1210 1084 1294 >R

105 1322 287 1373 scilicet
331 1322 543 1372 Christus
594 1338 782 1372 notatur
804 1361 815 1371 .
858 1326 948 1374 Vir
991 1323 1089 1389 qui-

104 1393 215 1441 dam
245 1393 310 1442 est
340 1412 364 1439 a
404 1390 589 1440 finistris
616 1393 857 1442 Christum
890 1395 1084 1441 inclina-

104 1477 178 1512 tus
210 1462 463 1530 aspiciens,
495 1482 546 1509 ac
577 1462 790 1511 manibus
816 1465 1084 1512 extremita-

104 1547 203 1581 tem
237 1533 492 1581 voluminis
518 1546 676 1581 tenens
696 1569 705 1578 .
742 1535 810 1580 Ex
838 1535 980 1581 altera
1007 1550 1084 1579 au-

104 1617 203 1651 tem
232 1615 361 1670 parte
390 1603 465 1647 vir
489 1604 605 1650 alius
624 1603 762 1670 paulo
788 1603 984 1651 erectior
1000 1639 1015 1659 ,
1039 1604 1088 1652 &

103 1674 257 1721 *veluti
277 1669 642 1720 admirabundus
666 1671 838 1730 adstat,
859 1671 1090 1738 habetque

103 1745 153 1789 in
189 1739 384 1788 fimbriis
402 1742 532 1807 pallii
557 1744 643 1789 hoc
674 1759 1028 1809 monogramma
1052 1745 1090 1790 I.

106 1813 236 1862 Hinc
263 1809 369 1858 inde
390 1828 413 1855 a
434 1824 567 1880 tergo
583 1812 751 1859 horum
770 1814 988 1859 virorum
1001 1811 1096 1858 duo

103 1882 362 1948 tuguriola,
380 1897 430 1926 ac
462 1881 664 1930 totidem
694 1883 974 1929 attolluntur
994 1882 1093 1948 pal-

104 1970 192 1999 mae
213 1985 223 1996 .
255 1954 324 1998 At
361 1963 467 1998 ante
497 1952 696 2000 Domini
722 1952 861 2018 pedes
895 1964 1096 2017 quatuor

104 2020 225 2068 stant
249 2038 361 2068 oves
383 2055 393 2065 .
421 2021 555 2086 Qid
583 2035 743 2069 autem
769 2039 928 2070 omnes
948 2021 1014 2067 hae
1040 2018 1094 2066 fi-

101 2107 227 2158 gurae
256 2087 531 2157 fignificent,
555 2093 833 2158 aperiamus.
852 2089 1097 2140 Habemus

103 2163 152 2206 in
188 2159 449 2227 Evangelio
488 2162 683 2228 Joannis
718 2179 815 2228 cap.
851 2180 924 2225 14.
963 2160 1097 2209 Chri·-

101 2229 225 2278 stum
242 2228 494 2295 discipulos
524 2228 873 2278 consolaturum
903 2225 1065 2279 dixisse
1086 2248 1096 2275 :

105 2300 277 2346 multas
296 2301 342 2345 in
358 2297 502 2348 domo
540 2301 684 2348 Patris
717 2298 973 2349 mansiones
993 2297 1098 2356 effe,

103 2365 243 2432 seque
266 2365 418 2414 rursus
449 2370 551 2418 illos
579 2366 941 2438 assumpturum5
965 2370 1097 2417 Tho-

107 2454 195 2483 mae
213 2450 370 2484 autem
398 2440 630 2505 Apostolo
644 2476 659 2497 ,
675 2439 717 2487 se
751 2436 838 2489 effe
861 2443 1007 2497 viam,
1025 2457 1101 2487 ve.

105 2508 328 2561 ritatem,
347 2506 395 2554 ὃ(
434 2510 597 2570 vitam3
613 2510 829 2577 Philippo
853 2509 997 2566 vero,
1023 2509 1102 2561 Pa-

105 2588 227 2622 trem
255 2576 300 2621 in
319 2573 362 2622 se
381 2574 550 2638 videri3
568 2577 822 2627 Promiliffe
846 2592 1067 2647 praeterea
1082 2620 1098 2641 ,

105 2642 294 2692 eosdem
348 2645 483 2710 plane
523 2661 825 2714 accepturos,
865 2649 1096 2715 quidquid

104 2713 189 2762 suo
208 2711 442 2781 petiissent
456 2719 667 2774 nomine,
683 2716 817 2783 seque
839 2721 902 2767 eis
917 2737 940 2764 a
962 2719 1093 2771 Patre

103 2785 251 2831 alium
283 2780 525 2832 missurum
542 2786 831 2834 Paracletum
858 2810 873 2848 ;
917 2788 1092 2854 postre-

103 2851 186 2900 mo
255 2871 385 2901 acem
414 2852 668 2921 Discipulis
697 2854 779 2903 sub
815 2854 938 2905 hisce
981 2862 1089 2907 reli-

103 2872 250 2988 quisti}
293 2922 479 2972 verbis:
517 2925 670 2974 Pacem
709 2928 900 2994 relinquo
932 2928 1090 2987 vobis,

92 3008 238 3058 pacem
255 3011 384 3042 meam
400 2993 451 3042 do
467 2995 623 3043 vobis.
648 2995 805 3044 Picstor
833 2998 1003 3062 igitur,
1035 3014 1088 3046 ut

103 3066 264 3111 omnia
292 3064 385 3112 haec
417 3064 476 3111 ob
503 3066 664 3113 oculos
682 3079 901 3132 poneret,
934 3084 1084 3133 neque

105 3131 188 3179 hac
215 3135 274 3183 de
308 3151 358 3182 re
389 3134 511 3182 ullus
541 3132 828 3183 dubitationi
856 3136 984 3182 locus
1014 3154 1084 3185 re-

102 3200 410 3266 linqueretur,
430 3205 714 3272 epigraphen
745 3204 957 3253 addidit:
993 3206 1083 3255 Do-

99 3273 241 3319 minus
269 3288 412 3336 pacem
436 3275 533 3326 dac.
555 3277 684 3323 Hinc
705 3272 838 3324 certo
856 3275 1080 3344 colligere

175 3341 384 3392 ParJH.

1145 278 1192 330 U
1265 275 1311 327 T
1411 274 1479 325 X.
2023 294 2077 336 13
2093 300 2110 328 1

1139 343 1370 416 poffumus
1385 381 1400 403 ,
1418 364 1494 394 eos
1512 346 1637 394 viros
1650 381 1666 403 ,
1687 346 1763 411 qui
1791 345 1977 396 Christo
2013 351 2113 397 Do—

1141 419 1268 464 mino
1288 414 1345 463 ab
1380 430 1579 482 utroque
1615 417 1759 463 latere
1794 417 2116 466 venerabundi

1142 483 1376 543 assistunt,
1420 487 1689 542 Thomam‚
1720 486 1768 534 &
1801 485 2112 553 Philippum„

1147 554 1396 623 Apostolos
1413 554 1754 622 repraesentare,
1771 573 1882 603 oves
1906 557 2022 604 vero
2044 575 2114 605 re-

1143 627 1294 691 liquos
1313 623 1593 692 Discipulos,
1615 622 1689 673 seu
1710 623 2026 691 quoscumque
2040 630 2114 675 Fi-

1142 696 1267 743 deles
1285 694 1459 743 Christi
1494 693 1693 742 verbum
1721 694 1984 743 audientes.
2011 698 2112 744 Tu-

1139 765 1324 834 guriola
1340 781 1523 830 quoque
1545 759 1778 830 promissas
1809 783 1833 811 a
1853 765 2043 814 Christo
2067 770 2115 814 in

1140 842 1280 883 domo
1309 835 1452 881 Patris
1485 831 1771 890 mansiones,
1800 834 2116 901 tandemque,

1138 905 1348 971 geminas
1370 904 1547 970 palmas
1569 907 1597 971 J
1608 904 1743 951 udaeae
1761 901 2040 969 symbolum
2057 906 2118 955 ess·

1139 976 1201 1036 le,
1219 976 1265 1020 ni
1299 988 1454 1021 tamen
1473 991 1496 1019 a
1521 971 1786 1021 Mufivario
1810 974 1867 1021 ad
1896 989 2116 1023 ornatum

1139 1043 1465 1098 solummodo,
1494 1043 1543 1092 &
1587 1043 1644 1089 ad
1677 1040 1869 1089 libitum
1913 1044 2068 1110 potius
2101 1084 2116 1106 ‚

1143 1117 1282 1181 quam
1302 1113 1359 1160 ad
1377 1130 1474 1160 rem
1495 1113 1640 1159 ullam
1662 1110 2013 1179 significandam
2042 1133 2115 1163 ex-

1146 1179 1309 1253 pressas
1337 1184 1558 1229 dicamus.

1215 1251 1422 1299 Secunda
1442 1252 1487 1296 in
1504 1248 1650 1317 figura
1671 1249 1881 1312 ejusdem
1914 1251 2112 1302 Tabulae

1140 1320 1381 1372 Christum
1397 1322 1559 1367 videre
1579 1317 1643 1368 est
1658 1319 1790 1386 supra
1807 1319 2023 1386 globum,
2048 1325 2117 1370 vi-

1140 1393 1314 1442 delicet
1327 1386 1961 1448 Mundum,ins1dentem,ut
1976 1395 2117 1439 Mun-

1141 1465 1190 1511 di
1210 1459 1347 1528 ipsius
1379 1461 1643 1507 Dominum
1682 1461 1833 1518 decet;
1862 1458 2038 1508 finistra
2061 1464 2119 1509 li·-

1142 1532 1279 1580 brum
1297 1527 1505 1577 clausum
1529 1542 1672 1585 tenet,
1694 1530 1933 1577 dexteram
1956 1546 2117 1579 autem

1145 1600 1202 1649 ad
1229 1601 1387 1649 virum
1423 1599 1672 1665 quemdam
1704 1601 2023 1664 quadantenus
2050 1603 2117 1647 in-

1146 1673 1372 1720 clinatum
1402 1670 1616 1717 extendit
1634 1703 1648 1724 ,
1667 1670 1817 1716 veluti
1850 1668 2002 1736 ipsum
2023 1689 2120 1717 am·

1150 1743 1378 1810 plexatus,
1393 1741 1473 1804 qui
1488 1752 1641 1786 tamen
1656 1738 1782 1786 actus
1800 1736 2006 1806 dignosci
2028 1743 2118 1787 mi-

1150 1811 1278 1858 nim&
1297 1807 1465 1876 potest,
1491 1806 1600 1855 cum
1628 1810 1737 1857 Viri
1767 1809 1894 1855 illius
1918 1811 2120 1875 pallium

1147 1897 1310 1928 manus
1329 1892 1469 1946 tegat.
1500 1880 1636 1926 Hanc
1660 1895 1745 1945 ego
1779 1877 1977 1944 figuram
2009 1881 2122 1928 alte-

1150 1952 1244 1997 rius
1258 1953 1353 2011 jam
1370 1949 1608 2014 explicatae
1630 1949 2035 2014 complementum
2056 1947 2122 1998 es-

1149 2018 1192 2068 se
1206 2031 1437 2087 putarem,
1457 2017 1573 2064 adeo
1597 2030 1648 2064 ut
1666 2019 1711 2063 in
1731 2035 1782 2065 ea
1797 2017 1988 2082 quidem
2022 2022 2122 2068 Do-

1149 2092 1301 2137 minus
1317 2104 1477 2155 pacem
1494 2085 1734 2154 Apostolis
1755 2104 1835 2135 ore
1858 2088 2122 2154 relinquens

1149 2159 1461 2226 exprimatur,
1481 2158 1526 2202 in
1541 2158 1624 2204 hac
1641 2155 1753 2203 vero
1773 2154 1867 2223 ipse
1882 2158 2009 2206 aetus
2024 2177 2122 2205 am-

1152 2226 1328 2297 plexfis‚
1347 2244 1438 2291 quo
1457 2227 1569 2273 nihil
1588 2225 1644 2272 ad
1662 2227 1784 2291 pacis
1817 2227 2122 2276 collationem

1152 2294 1508 2366 exprimendam
1526 2293 1589 2343 est
1602 2297 1928 2362 opportunius.

1220 2368 1345 2416 Tam
1382 2364 1439 2413 ad
1470 2365 1898 2431 dexteram,quam
1922 2365 1979 2414 ad
2016 2364 2121 2413 fini-

1154 2437 1296 2487 stram
1316 2433 1432 2505 jesu
1453 2435 1619 2502 palmae
1648 2432 1772 2492 sunt,
1791 2452 1902 2500 quas
1922 2437 2036 2483 licet
2066 2435 2124 2484 ad

1154 2504 1404 2558 Mufivarii
1448 2505 1679 2572 placitum
1717 2504 1922 2571 depictas
1962 2503 2124 2556 fuisse,

1154 2577 1276 2625 haud
1292 2576 1469 2626 temer&
1482 2574 1612 2623 credi
1629 2573 1800 2630 valeat,
1817 2588 1870 2621 ut
1886 2573 2017 2640 supra
2029 2580 2125 2636 jam

1151 2647 1372 2696 diximus:
1393 2657 1599 2692 attamen
1630 2640 1663 2689 fi
1691 2644 1782 2689 illis
1814 2645 2018 2708 aliquam
2051 2662 2126 2692 ex.

1150 2718 1455 2786 plicationem
1474 2714 1583 2761 dare
1606 2713 1827 2768 velimus,
1839 2729 2125 2779 exponerem

1154 2789 1330 2855 palmas
1352 2781 1649 2850 hasJuda’am
1667 2782 1950 2848 Regionem,
1970 2783 2014 2828 in
2033 2802 2123 2849 qua

1146 2855 1356 2904 Christus
1390 2852 1624 2899 Dominus
1656 2851 1807 2897 vitam
1826 2853 1940 2919 egit,
1962 2853 2123 2901 innue-

1142 2943 1206 2973 re.
1223 2924 1382 2969 Palma
1399 2923 1525 2968 enim
1545 2918 1722 2989 Judaeae
1742 2918 2020 2986 symbolum
2040 2920 2122 2980 est,

1139 3008 1193 3041 ut
1209 3011 1266 3041 ex
1280 2988 1619 3057 Vespasiani,&
1636 2990 1740 3036 Titi
1757 2994 1984 3039 Nummis
1998 2992 2125 3040 vide-

1137 3081 1186 3111 re
1214 3061 1294 3117 est,
1322 3058 1401 3108 ubi
1437 3061 1606 3108 mulier
1638 3059 1849 3126 quaedam
1878 3063 2030 3110 veluti
2057 3063 2123 3108 la-

1137 3149 1357 3198 crymans
1375 3127 1460 3178 sub
1491 3128 1656 3178 eadem
1691 3128 1857 3179 arbore
1885 3149 1996 3179 cum
2028 3132 2123 3198 epi-

1136 3202 1311 3269 graphe
1339 3198 1862 3267 ‘'Judaeacapta,expreffa
1889 3202 2114 3249 cernitur.

1141 3271 1241 3325 Ubi
1263 3269 1598 3320 eruditissimus
1621 3272 1858 3320 Antonius
1891 3269 2121 3340 Augusti-

1174 3362 1177 3365 <
1330 3364 1332 3367 ·
1633 3342 1677 3386 R
1718 3357 1742 3387 2
2038 3358 2122 3391 nus
