2378 3674
552 255 836 309 MUSEI
879 256 1114 306 CARD.
1168 254 1627 306 CARPINEI.

98 328 227 387 cujus
245 320 577 373 auetoritatem
597 327 644 373 in
665 329 954 374 contrarium
971 324 1077 372 scri-

97 394 261 445 bentes
283 405 494 442 evertere
524 397 767 453 nituntur,
796 414 883 462 ego
917 409 1075 444 autem

98 482 182 532 pro
201 460 379 511 viribus
405 460 621 514 sustinere
642 463 833 514 tentabo
850 503 860 513 .
893 467 1014 512 Dico
1039 467 1074 510 i-

95 536 225 602 gitur
243 568 259 589 ,
286 530 541 581 Eusebium
575 533 798 601 scripsisse
827 553 884 584 ex
911 531 1075 582 famen,

95 601 317 671 publica,
338 615 391 649 ut
413 601 607 669 ipsemet
626 605 815 653 testatur
842 607 888 652 in
916 607 1075 671 praeci-

98 685 196 720 tato
211 689 310 738 cap.
334 686 412 734 34.
429 671 508 719 lib.
527 683 576 722 6.
594 673 672 721 ibi:
687 675 813 723 Fama
825 676 905 725 eft'.
929 675 1075 722 Tem·

98 760 211 809 pore
237 758 349 807 ergo
381 740 565 790 Eusebii
586 778 602 799 ,
633 746 712 809 qui
743 745 837 792 haec
866 742 1078 811 scripfit‚

95 811 392 880 septuaginta
425 812 611 860 circiter
635 812 692 860 ab
722 814 916 862 istorum
951 816 1078 862 Prin-

99 884 261 948 cipum
290 879 590 930 conversione
611 897 742 931 erant
768 882 909 951 elapsi
939 886 1077 941 anni,

95 969 239 1017 quare
268 950 409 997 multi
438 951 570 1000 testes
597 951 907 1018 probabiliter
926 953 1077 1002 adhuc

98 1019 363 1089 superstites
394 1034 549 1079 erant,
585 1024 663 1087 qui
685 1022 742 1070 de
767 1026 966 1072 veritate
989 1022 1071 1072 de·

98 1108 270 1159 ponere
301 1103 544 1157 poterant.
576 1090 769 1159 Insuper
787 1091 958 1141 samam
987 1112 1074 1159 pu·

98 1162 273 1209 blicam
303 1158 361 1206 ad
408 1160 698 1209 credendum
733 1162 901 1224 justam
953 1162 1076 1213 esse-2

97 1227 677 1298 causan1Jurispriide1ites
697 1229 1076 1298 afferunt.Q1are

102 1314 300 1349 autumo
319 1334 333 1356 ,
357 1298 612 1348 Eusebium
639 1303 836 1350 minime}
855 1303 1075 1349 allucina-

99 1385 204 1419 tum
229 1367 366 1417 fuisse
390 1365 423 1416 fi
446 1370 539 1418 haec
560 1369 819 1439 scripserit,
843 1386 1007 1440 utpote
1024 1390 1072 1420 e-

100 1443 217 1489 tiam
252 1442 643 1507 Hieronymum,
665 1440 888 1491 Orosium
908 1477 923 1499 ,
953 1443 1074 1489 Liri-

100 1508 290 1559 nensem
309 1548 323 1570 ,
350 1509 398 1558 &
423 1508 751 1560 Caffiodorum
770 1551 784 1572 ‚
810 1514 888 1578 qui
916 1514 1076 1579 proxi-

97 1583 269 1629 miores
296 1576 495 1628 Eusebio
513 1578 644 1629 fuere
661 1619 676 1642 ‚
699 1585 873 1648 quique
894 1600 983 1629 non
1012 1579 1076 1629 so·-

98 1649 199 1700 lum
217 1669 274 1699 ex
306 1650 473 1699 eodem
489 1650 848 1718 desumpserunt
859 1650 1078 1709 Eusebio,

101 1720 274 1771 verum
295 1722 439 1769 etiam
458 1738 512 1768 ex
534 1719 636 1788 ipsis
655 1723 876 1788 Origenis
897 1721 1075 1789 Episto-

99 1793 156 1840 lis
169 1826 184 1848 ,
203 1808 303 1856 quae
324 1791 516 1838 illorum
544 1809 644 1839 aevo
675 1790 897 1840 extabant
912 1828 928 1849 ,
945 1805 998 1840 ut
1014 1805 1078 1840 te-

99 1859 246 1908 statur
276 1864 335 1907 D.
368 1862 703 1928 Hieronymus
729 1861 786 1909 de
830 1863 1075 1929 Scriptori-

99 1930 183 1978 bus
204 1927 530 1979 Ecclesiasticis
550 1934 594 1978 in
617 1933 825 1998 Origene
842 1968 857 1989 ,
877 1929 935 1979 sic
964 1930 1071 1979 scri-

102 2001 241 2050 bens:
279 1999 493 2075 Qodque
511 2002 569 2049 ad
578 2003 829 2066 Philippum
847 2002 1073 2068 Imperato-

99 2090 188 2121 rem
219 2106 234 2128 ,
272 2076 343 2138 qui
367 2077 534 2136 primus
559 2073 610 2120 de
643 2072 836 2139 Regibus
867 2075 1074 2123 Romanis

96 2144 136 2193 C
139 2142 382 2190 formianus
386 2141 487 2209 suit
503 2177 517 2198 ,
552 2146 606 2192 (Τ
634 2142 693 2190 ad
709 2159 884 2191 matrem
904 2148 993 2209 ejus
1020 2145 1074 2191 li-

96 2228 208 2261 teras
213 2209 434 2280 ficit,quae
449 2213 572 2280 usque
584 2213 711 2261 hodie
724 2229 876 2262 extant
889 2249 899 2259 .
916 2214 1073 2260 Idem-

96 2298 188 2347 que
209 2283 351 2328 etiam
383 2283 695 2331 Vincentium
733 2280 1068 2330 Lirinensem⁴

99 2347 336 2397 affirmare
368 2385 383 2406 ,
423 2349 619 2400 solerter
644 2351 955 2419 deprehendit
983 2355 1069 2399 Ba-

99 2423 260 2468 tonius
287 2418 345 2465 ad
362 2435 537 2468 annum
563 2432 678 2485 246.
702 2440 833 2470 num.
855 2427 900 2472 8.
921 2435 973 2469 ut
990 2438 1072 2468 nu-

101 2507 185 2558 per
208 2488 416 2536 diximus
443 2525 452 2535 .

191 2558 417 2606 Tertium
460 2562 619 2627 magni
668 2563 899 2610 momenti
935 2580 1072 2631 argu-

99 2642 318 2677 mentum
335 2628 417 2686 est,
436 2633 654 2677 omnium
672 2633 962 2698 Scriptorum
981 2669 996 2689 ,
1016 2650 1071 2680 ex

99 2700 231 2747 omni
250 2694 345 2746 fere
366 2700 583 2756 natione,
601 2702 877 2758 concordia,
891 2703 970 2766 qui
987 2704 1074 2750 in-‚

102 2770 234 2816 omni
250 2766 416 2816 saeculo
441 2768 573 2817 idem
594 2769 821 2818 testantur
841 2807 850 2817 .
881 2776 951 2818 At
969 2772 1078 2820 huic

100 2856 215 2888 meae
227 2834 466 2886 assertioni
482 2837 634 2886 statim
649 2839 787 2903 objici
804 2841 1082 2891 audio:Om-

105 2927 184 2958 nes
202 2923 318 2974 quos
335 2909 483 2955 citavi
512 2910 723 2958 austores
755 2908 960 2971 ejusdem
978 2908 1078 2960 fon·-

100 2981 190 3036 tis,
221 2995 389 3045 nempe
418 2976 605 3027 Eusebii
624 3016 640 3037 ,
670 2977 836 3027 bibisse
869 2998 1039 3046 aquam
1065 3003 1080 3042 3

98 3051 195 3097 Cui
215 3045 498 3115 responsioni
520 3046 773 3117 subjungo:
795 3052 850 3096 In
872 3054 1078 3117 praeteri-

25 3116 30 3190 ‘3
100 3118 161 3164 tis
181 3115 373 3175 saeculis,
390 3118 479 3165 illae
500 3118 601 3166 duae
618 3120 838 3186 Origenis
855 3119 1076 3167 extabant

28 3193 30 3227 :
98 3183 349 3252 Epistolae,
388 3201 441 3234 ut
462 3187 669 3256 superius
686 3187 1074 3255 enarravi,quas-

97 3272 188 3324 que
210 3256 467 3308 undecimo
504 3261 648 3308 etiam
682 3259 850 3309 saeculo
872 3257 1073 3310 extitiffe

171 3323 375 3377 Par-III.

2005 272 2099 320 243

1130 325 1303 391 colligo
1334 343 1393 377 ,ex
1412 328 1556 373 citato
1575 325 1779 372 Metello
1802 326 1846 372 in
1878 324 1966 373 suis
1983 328 2103 392 Qi-

1131 396 1306 441 rinaliis
1325 394 1412 442 ode
1436 412 1480 440 2.
1502 393 1581 440 ubi
1605 395 1889 443 Ostaciliam
1922 397 2099 463 Philip-

1130 465 1174 531 pi
1208 465 1408 512 Senioris
1444 481 1640 512 uxorem
1678 466 1898 511 meminit
1935 461 2097 514 fuisse,

1131 532 1446 583 Christianam
1468 569 1477 579 .
1518 534 1685 598 Sicque
1721 534 1862 581 Poeta
1898 536 2098 583 cecinit:

1200 605 1409 654 Verticem
1439 605 1610 670 Regina
1631 602 1723 652 Deo
1735 604 1963 670 fhperbum

1198 673 1352 722 Fronte
1368 690 1531 721 matura
1552 673 1792 722 reverenda
1804 674 1946 740 flexit

1201 744 1420 808 Principis
1448 745 1611 792 cedente
1629 744 1748 791 domo
1762 744 1961 811 Philippi

1477 812 1564 861 Sub
1571 819 1685 880 juga
1699 814 1873 863 Christi
1888 851 1898 860 .

1200 884 1361 947 Qare
1393 878 1426 928 fi
1457 881 1640 930 asseruit
1658 883 1940 931 Oetaciliam
1968 880 2101 933 fuisse

1130 952 1447 1001 Christianam
1465 986 1480 1007 ,
1519 953 1566 998 id
1582 970 1636 1000 ex
1657 953 1877 1020 Origenis
1895 952 2101 1020 epistolis

1128 1017 1422 1087 desumpsisse
1464 1019 1774 1087 probabiliter
1808 1023 2099 1072 credendum

1129 1089 1224 1150 est3
1260 1104 1426 1158 utpote
1449 1093 1589 1138 etiam
1611 1090 1793 1140 easdem
1810 1092 2034 1159 Epistolas
2052 1096 2100 1141 in

1129 1163 1283 1226 aliqua
1301 1160 1450 1208 adhuc
1470 1160 1739 1209 delitescere
1770 1161 2062 1211 Bibliotheca
2079 1200 2095 1221 ,

1131 1232 1207 1278 vel
1225 1228 1392 1277 scrinio
1408 1266 1423 1287 ,
1461 1248 1559 1294 quae
1576 1229 1764 1278 fortasse
1784 1232 2034 1296 aliquando
2051 1234 2100 1281 iii

1130 1303 1284 1349 lucem
1317 1302 1596 1347 emittentur
1619 1335 1629 1345 .
1681 1302 1944 1366 Qiomodo
1984 1301 2099 1369 ergo

1127 1371 1265 1419 tantis
1288 1366 1407 1418 hisce
1443 1370 1556 1417 viris
1575 1404 1591 1425 ,
1629 1371 1708 1434 qui
1728 1368 1924 1418 diversis
1956 1373 2002 1418 in
2026 1370 2100 1420 sae-

1125 1441 1241 1489 culis
1264 1440 1308 1485 in
1326 1441 1472 1487 literis
1485 1437 1688 1487 floruere
1704 1478 1718 1500 ‚
1740 1437 1851 1487 fides
1870 1439 2098 1508 abrogan-

1126 1512 1186 1558 da
1215 1545 1231 1566 ,
1271 1510 1318 1558 &
1354 1507 1692 1557 recentioribus
1722 1508 1969 1558 tribuenda
2004 1511 2100 1569 est,

1129 1582 1207 1646 qui
1231 1597 1311 1646 per
1331 1593 1403 1627 tot
1423 1577 1583 1627 saecula
1610 1598 1634 1626 a
1652 1579 1878 1645 Philippis
1898 1579 2099 1638 distant,

1130 1651 1350 1715 nullaque
1392 1646 1628 1717 probabili
1664 1651 1843 1696 ratione
1885 1646 2100 1709 suffulti,

1129 1717 1211 1768 nisi
1235 1722 1431 1786 propriae
1464 1755 1479 1776 ,
1529 1719 1770 1783 iiianil'cJue
1808 1721 2100 1778 voluntatis,

1129 1792 1415 1839 contrarium
1435 1786 1702 1835 affirmant?
1739 1788 1829 1837 Sed
1862 1786 1981 1838 infra
2009 1791 2101 1838 alia.

1128 1860 1359 1909 adducam
1380 1895 1390 1905 .

1197 1933 1435 1995 Qiartum
1454 1948 1465 1975 ε
1494 1927 1798 1985 admittatur,
1821 1928 1946 1994 quod
1962 1931 2104 1979 Osta-

1127 2002 1235 2047 cilia
1262 1999 1404 2046 suerit
1432 1996 1693 2045 Christiana
1711 2034 1729 2054 ,
1764 2011 1818 2045 ut
1837 2000 1980 2046 multi
2015 1999 2105 2049 de,

1129 2066 1509 2118 Numismatibus
1544 2063 1794 2115 scribentes
1824 2082 2106 2128 autumant,

1127 2141 1368 2205 sequentes
1398 2136 1669 2183 Tristanum
1691 2171 1706 2192 ,
1743 2139 1821 2201 qui
1858 2139 2100 2199 conjec'izu-

1126 2229 1222 2258 ram
1260 2207 1388 2255 suam
1422 2207 1466 2252 in
1504 2219 1863 2272 praememorato
1898 2209 2104 2257 Metello

1124 2279 1342 2329 fundavit
1373 2314 1383 2323 .
1439 2278 1507 2322 Ex
1531 2276 1619 2322 hoc
1652 2273 1862 2339 sequitur
1884 2311 1900 2333 ,
1938 2276 2103 2326 ambos

1125 2352 1365 2416 Philippos
1384 2342 1515 2393 fuiffe
1533 2343 1822 2394 Christianos
1837 2380 1852 2402 ‚
1884 2363 1989 2393 nam
2010 2365 2106 2397 cre-

1126 2422 1219 2470 bris
1235 2415 1520 2465 suasionibus
1532 2417 1589 2462 ad
1603 2412 1768 2463 Fidem
1788 2415 2105 2466 Christianam

1125 2486 1501 2557 ampleRendam
1522 2486 1747 2531 maritum
1769 2487 1926 2551 potuit
1946 2487 2104 2537 allice-

1130 2579 1177 2609 re
1207 2595 1222 2617 ,
1261 2557 1506 2622 filiumque
1535 2555 1581 2600 in
1614 2553 1782 2604 eadem
1816 2552 2069 2606 instruere,
2089 2595 2100 2604 .

1128 2634 1291 2697 Qare
1334 2624 1512 2675 facinus
1545 2624 1603 2672 de
1647 2636 1916 2691 perpetrata
1955 2627 2108 2676 σκᾶρ)

1129 2699 1391 2754 Gordiani,
1407 2691 1765 2744 conversionem
1779 2695 1981 2762 Philippi
1997 2713 2107 2763 prae-

1133 2764 1300 2819 cessisse
1326 2764 1581 2813 dicendum
1602 2763 1667 2812 est
1685 2800 1696 2810 .

1201 2837 1439 2903 Qintum
1467 2855 1477 2882 ε
1517 2835 1562 2880 in
1591 2836 1882 2882 contrarium
1902 2833 2105 2884 scriben-

1132 2926 1199 2959 tes
1218 2907 1397 2954 nullam
1416 2905 1622 2972 allegant
1637 2903 1931 2971 probabilem
1949 2911 2106 2968 conje-

1133 2981 1315 3029 &uram
1342 3011 1356 3032 ,
1399 2988 1459 3021 ut
1476 2990 1624 3041 nuper
1642 2973 1774 3031 dixi,
1794 2972 2106 3025 sediminibus

1132 3043 1493 3115 sophismatibus
1510 3044 1774 3091 innituntur
1787 3080 1803 3101 ,
1839 3057 1894 3092 ut
1909 3044 2028 3093 infra
2045 3046 2105 3095 ad.

1129 3112 1352 3184 Scaligeri
1377 3111 1723 3182 responsionem
1749 3112 2099 3165 demonstrabO.

1195 3190 1422 3235 Sextum:
1460 3182 1677 3233 validum
1715 3183 1835 3232 illud
1866 3181 1932 3233 est
1960 3202 2100 3252 argu-

1127 3270 1342 3307 mentum
1362 3274 1387 3303 a
1406 3253 1595 3303 laudato
1626 3256 1828 3303 Batonio
1848 3254 1906 3304 ad
1924 3272 2102 3302 annum

1512 3324 1613 3372 Hh
1657 3342 1682 3371 2
1985 3342 2099 3388 249,
