<?xml version="1.0" encoding="UTF-8"?>
<!DOCTYPE html PUBLIC "-//W3C//DTD XHTML 1.0 Transitional//EN"
    "http://www.w3.org/TR/xhtml1/DTD/xhtml1-transitional.dtd">
<html xmlns="http://www.w3.org/1999/xhtml" xml:lang="en" lang="en">
 <head>
  <title>
</title>
<meta http-equiv="Content-Type" content="text/html;charset=utf-8" />
  <meta name='ocr-system' content='tesseract 3.04.00' />
  <meta name='ocr-capabilities' content='ocr_page ocr_carea ocr_par ocr_line ocrx_word'/>
</head>
<body>
  <div class='ocr_page' id='page_1' title='image "./joannisciampinir2thru3ciam_0395.png"; bbox 0 0 2378 3674; ppageno 0'>
   <div class='ocr_carea' id='block_1_1' title="bbox 79 331 1101 3321">
    <p class='ocr_par' dir='ltr' id='par_1_1' title="bbox 96 331 1101 2084">
     <span class='ocr_line' id='line_1_1' title="bbox 119 331 1101 399; baseline -0.005 -18"><span class='ocrx_word' id='word_1_1' title='bbox 119 331 203 382; x_wconf 83' lang='lat' dir='ltr'>sub</span> <span class='ocrx_word' id='word_1_2' title='bbox 220 331 368 381; x_wconf 88' lang='lat' dir='ltr'>oculis</span> <span class='ocrx_word' id='word_1_3' title='bbox 385 348 569 399; x_wconf 82' lang='lat' dir='ltr'>expono</span> <span class='ocrx_word' id='word_1_4' title='bbox 591 365 601 376; x_wconf 92' lang='lat'><strong>.</strong></span> <span class='ocrx_word' id='word_1_5' title='bbox 621 332 814 380; x_wconf 89' lang='lat' dir='ltr'>Morem</span> <span class='ocrx_word' id='word_1_6' title='bbox 833 332 984 389; x_wconf 89' lang='lat' dir='ltr'>hunc,</span> <span class='ocrx_word' id='word_1_7' title='bbox 999 331 1101 377; x_wconf 90' lang='lat' dir='ltr'>lite·-</span> 
     </span>
     <span class='ocr_line' id='line_1_2' title="bbox 118 400 1098 471; baseline -0.005 -20"><span class='ocrx_word' id='word_1_8' title='bbox 118 405 180 451; x_wconf 86' lang='lat' dir='ltr'>ris</span> <span class='ocrx_word' id='word_1_9' title='bbox 206 403 455 468; x_wconf 86' lang='lat' dir='ltr'>quadratos</span> <span class='ocrx_word' id='word_1_10' title='bbox 474 402 649 469; x_wconf 88' lang='lat' dir='ltr'>lapides</span> <span class='ocrx_word' id='word_1_11' title='bbox 675 400 981 471; x_wconf 80' lang='lat' dir='ltr'>obsignandi,</span> <span class='ocrx_word' id='word_1_12' title='bbox 1004 417 1098 447; x_wconf 90' lang='lat' dir='ltr'>non</span> 
     </span>
     <span class='ocr_line' id='line_1_3' title="bbox 114 471 1099 538; baseline -0.003 -17"><span class='ocrx_word' id='word_1_13' title='bbox 114 471 270 521; x_wconf 74' lang='lat' dir='ltr'>solum</span> <span class='ocrx_word' id='word_1_14' title='bbox 286 471 360 519; x_wconf 87' lang='lat' dir='ltr'>hic</span> <span class='ocrx_word' id='word_1_15' title='bbox 375 476 558 530; x_wconf 65' lang='lat' dir='ltr'>Romae,</span> <span class='ocrx_word' id='word_1_16' title='bbox 574 471 742 521; x_wconf 72' lang='lat' dir='ltr'>verum</span> <span class='ocrx_word' id='word_1_17' title='bbox 764 474 907 519; x_wconf 90' lang='lat' dir='ltr'>etiam</span> <span class='ocrx_word' id='word_1_18' title='bbox 924 488 1004 538; x_wconf 90' lang='lat' dir='ltr'>per</span> <span class='ocrx_word' id='word_1_19' title='bbox 1026 484 1099 518; x_wconf 89' lang='lat' dir='ltr'>to·</span> 
     </span>
     <span class='ocr_line' id='line_1_4' title="bbox 115 538 1098 610; baseline -0.004 -20"><span class='ocrx_word' id='word_1_20' title='bbox 115 546 498 590; x_wconf 85' lang='lat' dir='ltr'>tumRomanum</span> <span class='ocrx_word' id='word_1_21' title='bbox 514 544 776 610; x_wconf 79' lang='lat' dir='ltr'><strong>Imperium</strong></span> <span class='ocrx_word' id='word_1_22' title='bbox 794 538 1098 589; x_wconf 87' lang='lat' dir='ltr'>observatum</span> 
     </span>
     <span class='ocr_line' id='line_1_5' title="bbox 115 609 1098 679; baseline -0.004 -19"><span class='ocrx_word' id='word_1_23' title='bbox 115 629 221 660; x_wconf 89' lang='lat' dir='ltr'>reor</span> <span class='ocrx_word' id='word_1_24' title='bbox 239 648 255 670; x_wconf 93' lang='lat'>,</span> <span class='ocrx_word' id='word_1_25' title='bbox 291 625 345 658; x_wconf 84' lang='lat' dir='ltr'>ut</span> <span class='ocrx_word' id='word_1_26' title='bbox 372 632 430 662; x_wconf 78' lang='lat' dir='ltr'>ex</span> <span class='ocrx_word' id='word_1_27' title='bbox 463 611 690 661; x_wconf 76' lang='lat' dir='ltr'>similium</span> <span class='ocrx_word' id='word_1_28' title='bbox 709 613 910 659; x_wconf 88' lang='lat' dir='ltr'>laterum</span> <span class='ocrx_word' id='word_1_29' title='bbox 938 609 1098 679; x_wconf 83' lang='lat' dir='ltr'>figuris</span> 
     </span>
     <span class='ocr_line' id='line_1_6' title="bbox 115 679 1099 739; baseline -0.002 -11"><span class='ocrx_word' id='word_1_30' title='bbox 115 701 139 728; x_wconf 85' lang='lat' dir='ltr'>a</span> <span class='ocrx_word' id='word_1_31' title='bbox 160 680 414 733; x_wconf 90' lang='lat' dir='ltr'>Lambecio</span> <span class='ocrx_word' id='word_1_32' title='bbox 441 684 596 732; x_wconf 88' lang='lat' dir='ltr'>relatis</span> <span class='ocrx_word' id='word_1_33' title='bbox 611 718 626 739; x_wconf 89' lang='lat'>,</span> <span class='ocrx_word' id='word_1_34' title='bbox 649 685 694 728; x_wconf 88' lang='lat' dir='ltr'>in</span> <span class='ocrx_word' id='word_1_35' title='bbox 711 681 788 727; x_wconf 89' lang='lat' dir='ltr'>sua</span> <span class='ocrx_word' id='word_1_36' title='bbox 804 679 1099 729; x_wconf 79' lang='lat' dir='ltr'>Bibliotheca</span> 
     </span>
     <span class='ocr_line' id='line_1_7' title="bbox 114 750 1095 820; baseline -0.003 -20"><span class='ocrx_word' id='word_1_37' title='bbox 114 750 285 800; x_wconf 81' lang='lat' dir='ltr'>Caesar.</span> <span class='ocrx_word' id='word_1_38' title='bbox 308 754 389 801; x_wconf 85' lang='lat' dir='ltr'>lib.</span> <span class='ocrx_word' id='word_1_39' title='bbox 408 771 452 800; x_wconf 83' lang='lat'>2.</span> <span class='ocrx_word' id='word_1_40' title='bbox 476 770 578 820; x_wconf 85' lang='lat' dir='ltr'>pag.</span> <span class='ocrx_word' id='word_1_41' title='bbox 601 771 740 801; x_wconf 90' lang='lat'><strong>1001.</strong></span> <span class='ocrx_word' id='word_1_42' title='bbox 771 752 932 819; x_wconf 83' lang='lat' dir='ltr'>colligi</span> <span class='ocrx_word' id='word_1_43' title='bbox 955 752 1095 798; x_wconf 85' lang='lat' dir='ltr'>valet.</span> 
     </span>
     <span class='ocr_line' id='line_1_8' title="bbox 112 821 1096 890; baseline -0.004 -20"><span class='ocrx_word' id='word_1_44' title='bbox 112 823 306 870; x_wconf 91' lang='lat' dir='ltr'>Horum</span> <span class='ocrx_word' id='word_1_45' title='bbox 321 823 520 870; x_wconf 87' lang='lat' dir='ltr'>laterum</span> <span class='ocrx_word' id='word_1_46' title='bbox 534 823 750 890; x_wconf 84' lang='lat' dir='ltr'>exempla</span> <span class='ocrx_word' id='word_1_47' title='bbox 765 821 898 869; x_wconf 86' lang='lat' dir='ltr'>vides</span> <span class='ocrx_word' id='word_1_48' title='bbox 910 824 956 868; x_wconf 89' lang='lat' dir='ltr'>in</span> <span class='ocrx_word' id='word_1_49' title='bbox 971 821 1096 869; x_wconf 68' lang='lat' dir='ltr'>dista</span> 
     </span>
     <span class='ocr_line' id='line_1_9' title="bbox 112 888 1090 959; baseline 0 -20"><span class='ocrx_word' id='word_1_50' title='bbox 112 891 333 942; x_wconf 87' lang='lat' dir='ltr'>Tab.VI.</span> <span class='ocrx_word' id='word_1_51' title='bbox 356 890 433 959; x_wconf 81' lang='lat' dir='ltr'>fig.</span> <span class='ocrx_word' id='word_1_52' title='bbox 455 899 605 953; x_wconf 83' lang='lat'><strong>5.6.7.</strong></span> <span class='ocrx_word' id='word_1_53' title='bbox 628 893 850 940; x_wconf 90' lang='lat' dir='ltr'>Laterum</span> <span class='ocrx_word' id='word_1_54' title='bbox 871 888 1027 958; x_wconf 67' lang='lat' dir='ltr'>figurae</span> <span class='ocrx_word' id='word_1_55' title='bbox 1046 909 1090 953; x_wconf 86' lang='lat'>5.</span> 
     </span>
     <span class='ocr_line' id='line_1_10' title="bbox 110 961 1090 1027; baseline -0.003 -15"><span class='ocrx_word' id='word_1_56' title='bbox 110 963 161 1012; x_wconf 81' lang='lat'>&amp;</span> <span class='ocrx_word' id='word_1_57' title='bbox 178 969 227 1009; x_wconf 84' lang='lat'>6.</span> <span class='ocrx_word' id='word_1_58' title='bbox 248 961 422 1011; x_wconf 88' lang='lat' dir='ltr'>habent</span> <span class='ocrx_word' id='word_1_59' title='bbox 440 964 620 1012; x_wconf 85' lang='lat' dir='ltr'>literas:</span> <span class='ocrx_word' id='word_1_60' title='bbox 638 962 961 1022; x_wconf 74' lang='lat' dir='ltr'>LEGXGPF3</span> <span class='ocrx_word' id='word_1_61' title='bbox 979 979 1090 1027; x_wconf 90' lang='lat' dir='ltr'>quas</span> 
     </span>
     <span class='ocr_line' id='line_1_11' title="bbox 107 1029 1090 1099; baseline 0 -20"><span class='ocrx_word' id='word_1_62' title='bbox 107 1029 171 1079; x_wconf 78' lang='lat' dir='ltr'>stc</span> <span class='ocrx_word' id='word_1_63' title='bbox 201 1032 418 1099; x_wconf 84' lang='lat' dir='ltr'>legendas</span> <span class='ocrx_word' id='word_1_64' title='bbox 454 1030 670 1082; x_wconf 86' lang='lat' dir='ltr'>existimo</span> <span class='ocrx_word' id='word_1_65' title='bbox 692 1053 703 1081; x_wconf 80' lang='lat'>.-</span> <span class='ocrx_word' id='word_1_66' title='bbox 744 1033 948 1082; x_wconf 86' lang='lat' dir='ltr'>LEGIO</span> <span class='ocrx_word' id='word_1_67' title='bbox 986 1035 1090 1080; x_wconf 88' lang='lat' dir='ltr'>DE-</span> 
     </span>
     <span class='ocr_line' id='line_1_12' title="bbox 110 1103 1089 1164; baseline 0 -14"><span class='ocrx_word' id='word_1_68' title='bbox 110 1104 294 1150; x_wconf 86' lang='lat' dir='ltr'>CIMA</span> <span class='ocrx_word' id='word_1_69' title='bbox 331 1105 607 1151; x_wconf 85' lang='lat' dir='ltr'>GEMINA</span> <span class='ocrx_word' id='word_1_70' title='bbox 653 1104 763 1152; x_wconf 85' lang='lat' dir='ltr'>PIA</span> <span class='ocrx_word' id='word_1_71' title='bbox 802 1103 1089 1164; x_wconf 77' lang='lat' dir='ltr'>FIDEL183</span> 
     </span>
     <span class='ocr_line' id='line_1_13' title="bbox 107 1170 1090 1240; baseline 0.002 -22"><span class='ocrx_word' id='word_1_72' title='bbox 107 1185 161 1218; x_wconf 88' lang='lat' dir='ltr'>ut</span> <span class='ocrx_word' id='word_1_73' title='bbox 177 1170 602 1239; x_wconf 38' lang='lat' dir='ltr'>legithambeciug</span> <span class='ocrx_word' id='word_1_74' title='bbox 623 1191 716 1225; x_wconf 87' lang='lat' dir='ltr'>non</span> <span class='ocrx_word' id='word_1_75' title='bbox 738 1187 790 1221; x_wconf 89' lang='lat' dir='ltr'>ut</span> <span class='ocrx_word' id='word_1_76' title='bbox 809 1175 888 1221; x_wconf 90' lang='lat' dir='ltr'>alii</span> <span class='ocrx_word' id='word_1_77' title='bbox 910 1175 1090 1240; x_wconf 87' lang='lat' dir='ltr'>legunt,</span> 
     </span>
     <span class='ocr_line' id='line_1_14' title="bbox 105 1240 1085 1312; baseline 0.001 -21"><span class='ocrx_word' id='word_1_78' title='bbox 105 1259 165 1291; x_wconf 84' lang='lat' dir='ltr'>ex</span> <span class='ocrx_word' id='word_1_79' title='bbox 184 1240 361 1295; x_wconf 88' lang='lat' dir='ltr'>Ursato</span> <span class='ocrx_word' id='word_1_80' title='bbox 386 1241 444 1291; x_wconf 90' lang='lat' dir='ltr'>de</span> <span class='ocrx_word' id='word_1_81' title='bbox 461 1245 603 1292; x_wconf 90' lang='lat' dir='ltr'>Notis</span> <span class='ocrx_word' id='word_1_82' title='bbox 625 1247 810 1292; x_wconf 81' lang='lat' dir='ltr'>Roman</span> <span class='ocrx_word' id='word_1_83' title='bbox 824 1279 836 1290; x_wconf 91' lang='lat'><strong>.</strong></span> <span class='ocrx_word' id='word_1_84' title='bbox 851 1242 984 1312; x_wconf 85' lang='lat' dir='ltr'><em>Legio</em></span> <span class='ocrx_word' id='word_1_85' title='bbox 996 1243 1085 1292; x_wconf 88' lang='lat' dir='ltr'>De-</span> 
     </span>
     <span class='ocr_line' id='line_1_15' title="bbox 107 1312 1088 1375; baseline 0.003 -13"><span class='ocrx_word' id='word_1_86' title='bbox 107 1318 217 1362; x_wconf 82' lang='lat' dir='ltr'>cima</span> <span class='ocrx_word' id='word_1_87' title='bbox 239 1312 424 1363; x_wconf 84' lang='lat' dir='ltr'>Gemina</span> <span class='ocrx_word' id='word_1_88' title='bbox 444 1314 528 1364; x_wconf 81' lang='lat' dir='ltr'>Pia</span> <span class='ocrx_word' id='word_1_89' title='bbox 552 1313 711 1375; x_wconf 82' lang='lat' dir='ltr'>Felix3</span> <span class='ocrx_word' id='word_1_90' title='bbox 747 1315 827 1363; x_wconf 90' lang='lat' dir='ltr'>vel</span> <span class='ocrx_word' id='word_1_91' title='bbox 864 1314 1088 1365; x_wconf 45' lang='lat' dir='ltr'>Decima,</span> 
     </span>
     <span class='ocr_line' id='line_1_16' title="bbox 103 1380 1088 1445; baseline 0.002 -11"><span class='ocrx_word' id='word_1_92' title='bbox 103 1384 359 1434; x_wconf 83' lang='lat' dir='ltr'>Germanica</span> <span class='ocrx_word' id='word_1_93' title='bbox 383 1385 466 1435; x_wconf 83' lang='lat' dir='ltr'>Pia</span> <span class='ocrx_word' id='word_1_94' title='bbox 497 1384 660 1434; x_wconf 84' lang='lat' dir='ltr'><em>Fidelis</em></span> <span class='ocrx_word' id='word_1_95' title='bbox 691 1405 706 1445; x_wconf 87' lang='lat'>;</span> <span class='ocrx_word' id='word_1_96' title='bbox 741 1380 838 1433; x_wconf 86' lang='lat' dir='ltr'>five</span> <span class='ocrx_word' id='word_1_97' title='bbox 864 1384 1088 1436; x_wconf 63' lang='lat' dir='ltr'>Decima-³</span> 
     </span>
     <span class='ocr_line' id='line_1_17' title="bbox 102 1454 1088 1522; baseline -0.001 -18"><span class='ocrx_word' id='word_1_98' title='bbox 102 1454 293 1504; x_wconf 76' lang='lat' dir='ltr'><em>Gemella</em></span> <span class='ocrx_word' id='word_1_99' title='bbox 319 1457 406 1506; x_wconf 81' lang='lat' dir='ltr'>Pia</span> <span class='ocrx_word' id='word_1_100' title='bbox 443 1454 609 1503; x_wconf 86' lang='lat' dir='ltr'><em>Fidelis</em></span> <span class='ocrx_word' id='word_1_101' title='bbox 628 1490 638 1501; x_wconf 87' lang='lat'><strong>.</strong></span> <span class='ocrx_word' id='word_1_102' title='bbox 677 1456 961 1504; x_wconf 75' lang='lat' dir='ltr'>Hoslateres</span> <span class='ocrx_word' id='word_1_103' title='bbox 982 1472 1088 1522; x_wconf 89' lang='lat' dir='ltr'>pro-</span> 
     </span>
     <span class='ocr_line' id='line_1_18' title="bbox 102 1523 1087 1593; baseline -0.002 -20"><span class='ocrx_word' id='word_1_104' title='bbox 102 1526 160 1593; x_wconf 65' lang='lat' dir='ltr'>pe</span> <span class='ocrx_word' id='word_1_105' title='bbox 196 1526 373 1592; x_wconf 87' lang='lat' dir='ltr'>Pagum</span> <span class='ocrx_word' id='word_1_106' title='bbox 414 1526 710 1573; x_wconf 83' lang='lat' dir='ltr'>Germanum</span> <span class='ocrx_word' id='word_1_107' title='bbox 753 1523 1087 1593; x_wconf 84' lang='lat' dir='ltr'>Altemburgi-</span> 
     </span>
     <span class='ocr_line' id='line_1_19' title="bbox 104 1593 1084 1662; baseline 0.001 -20"><span class='ocrx_word' id='word_1_108' title='bbox 104 1596 361 1653; x_wconf 90' lang='lat' dir='ltr'>cum,inter</span> <span class='ocrx_word' id='word_1_109' title='bbox 378 1593 545 1642; x_wconf 86' lang='lat' dir='ltr'>rudera</span> <span class='ocrx_word' id='word_1_110' title='bbox 566 1608 785 1644; x_wconf 86' lang='lat' dir='ltr'>veterum</span> <span class='ocrx_word' id='word_1_111' title='bbox 817 1594 1084 1662; x_wconf 89' lang='lat' dir='ltr'>Hyberno-</span> 
     </span>
     <span class='ocr_line' id='line_1_20' title="bbox 101 1660 1090 1723; baseline -0.002 -12"><span class='ocrx_word' id='word_1_112' title='bbox 101 1681 209 1711; x_wconf 90' lang='lat' dir='ltr'>rum</span> <span class='ocrx_word' id='word_1_113' title='bbox 230 1666 607 1713; x_wconf 76' lang='lat' dir='ltr'>Pannonicorum</span> <span class='ocrx_word' id='word_1_114' title='bbox 625 1700 641 1723; x_wconf 94' lang='lat'>,</span> <span class='ocrx_word' id='word_1_115' title='bbox 675 1668 894 1714; x_wconf 86' lang='lat' dir='ltr'>inventos</span> <span class='ocrx_word' id='word_1_116' title='bbox 922 1660 1090 1715; x_wconf 65' lang='lat' dir='ltr'>fuisse-2,</span> 
     </span>
     <span class='ocr_line' id='line_1_21' title="bbox 97 1731 1083 1784; baseline 0.002 -3"><span class='ocrx_word' id='word_1_117' title='bbox 97 1731 265 1782; x_wconf 83' lang='lat' dir='ltr'>scribit</span> <span class='ocrx_word' id='word_1_118' title='bbox 279 1735 409 1784; x_wconf 89' lang='lat' dir='ltr'>idem</span> <span class='ocrx_word' id='word_1_119' title='bbox 423 1734 700 1784; x_wconf 89' lang='lat' dir='ltr'>Lambecius</span> <span class='ocrx_word' id='word_1_120' title='bbox 718 1773 728 1782; x_wconf 92' lang='lat'><strong>.</strong></span> <span class='ocrx_word' id='word_1_121' title='bbox 756 1735 948 1783; x_wconf 86' lang='lat' dir='ltr'>Tertius</span> <span class='ocrx_word' id='word_1_122' title='bbox 968 1753 1083 1784; x_wconf 87' lang='lat' dir='ltr'>vero</span> 
     </span>
     <span class='ocr_line' id='line_1_22' title="bbox 97 1801 1083 1872; baseline 0.001 -20"><span class='ocrx_word' id='word_1_123' title='bbox 97 1801 302 1872; x_wconf 84' lang='lat' dir='ltr'>fignatus</span> <span class='ocrx_word' id='word_1_124' title='bbox 331 1822 463 1852; x_wconf 89' lang='lat' dir='ltr'>num.</span> <span class='ocrx_word' id='word_1_125' title='bbox 498 1822 543 1862; x_wconf 91' lang='lat'>7.</span> <span class='ocrx_word' id='word_1_126' title='bbox 572 1806 652 1871; x_wconf 90' lang='lat' dir='ltr'>qui</span> <span class='ocrx_word' id='word_1_127' title='bbox 692 1807 889 1854; x_wconf 88' lang='lat' dir='ltr'>Carnuti</span> <span class='ocrx_word' id='word_1_128' title='bbox 926 1804 1083 1853; x_wconf 90' lang='lat' dir='ltr'>sedem</span> 
     </span>
     <span class='ocr_line' id='line_1_23' title="bbox 96 1872 1081 1942; baseline 0.001 -21"><span class='ocrx_word' id='word_1_129' title='bbox 96 1872 318 1931; x_wconf 85' lang='lat' dir='ltr'>habebat,</span> <span class='ocrx_word' id='word_1_130' title='bbox 339 1874 636 1940; x_wconf 80' lang='lat' dir='ltr'><strong>sequentibus</strong></span> <span class='ocrx_word' id='word_1_131' title='bbox 652 1875 797 1923; x_wconf 83' lang='lat' dir='ltr'>literis</span> <span class='ocrx_word' id='word_1_132' title='bbox 815 1872 1081 1942; x_wconf 76' lang='lat' dir='ltr'>obsignatus</span> 
     </span>
     <span class='ocr_line' id='line_1_24' title="bbox 97 1942 1083 1994; baseline -0.002 -2"><span class='ocrx_word' id='word_1_133' title='bbox 97 1942 189 1992; x_wconf 80' lang='lat' dir='ltr'>est:</span> <span class='ocrx_word' id='word_1_134' title='bbox 230 1944 373 1992; x_wconf 86' lang='lat' dir='ltr'><strong>LEG.</strong></span> <span class='ocrx_word' id='word_1_135' title='bbox 394 1947 539 1994; x_wconf 84' lang='lat' dir='ltr'>XIV.</span> <span class='ocrx_word' id='word_1_136' title='bbox 563 1947 725 1994; x_wconf 83' lang='lat' dir='ltr'><strong>GEM.</strong></span> <span class='ocrx_word' id='word_1_137' title='bbox 744 1945 950 1993; x_wconf 85' lang='lat' dir='ltr'>scilicet:</span> <span class='ocrx_word' id='word_1_138' title='bbox 982 1944 1083 1990; x_wconf 90' lang='lat' dir='ltr'>LE-</span> 
     </span>
     <span class='ocr_line' id='line_1_25' title="bbox 96 2014 1080 2084; baseline 0.001 -22"><span class='ocrx_word' id='word_1_139' title='bbox 96 2014 225 2064; x_wconf 87' lang='lat' dir='ltr'>GIO</span> <span class='ocrx_word' id='word_1_140' title='bbox 276 2016 546 2063; x_wconf 86' lang='lat' dir='ltr'>DECIMA</span> <span class='ocrx_word' id='word_1_141' title='bbox 583 2016 841 2084; x_wconf 69' lang='lat' dir='ltr'><strong>QUATA</strong></span> <span class='ocrx_word' id='word_1_142' title='bbox 880 2017 1080 2064; x_wconf 89' lang='lat' dir='ltr'>GEMI-</span> 
     </span>
    </p>

    <p class='ocr_par' dir='ltr' id='par_1_2' title="bbox 79 2153 1082 3321">
     <span class='ocr_line' id='line_1_26' title="bbox 166 2153 1079 2222; baseline 0.001 -20"><span class='ocrx_word' id='word_1_143' title='bbox 166 2157 362 2222; x_wconf 89' lang='lat' dir='ltr'>Augent</span> <span class='ocrx_word' id='word_1_144' title='bbox 382 2157 528 2204; x_wconf 87' lang='lat' dir='ltr'>etiam</span> <span class='ocrx_word' id='word_1_145' title='bbox 550 2154 815 2217; x_wconf 87' lang='lat' dir='ltr'>constanter</span> <span class='ocrx_word' id='word_1_146' title='bbox 831 2153 974 2204; x_wconf 82' lang='lat' dir='ltr'>fidem</span> <span class='ocrx_word' id='word_1_147' title='bbox 993 2155 1079 2203; x_wconf 86' lang='lat' dir='ltr'>hu-</span> 
     </span>
     <span class='ocr_line' id='line_1_27' title="bbox 91 2220 1082 2289; baseline 0.001 -17"><span class='ocrx_word' id='word_1_148' title='bbox 91 2220 216 2289; x_wconf 81' lang='lat' dir='ltr'>jusce</span> <span class='ocrx_word' id='word_1_149' title='bbox 231 2223 520 2274; x_wconf 83' lang='lat' dir='ltr'>fundationis</span> <span class='ocrx_word' id='word_1_150' title='bbox 537 2262 551 2283; x_wconf 92' lang='lat'>,</span> <span class='ocrx_word' id='word_1_151' title='bbox 589 2243 712 2274; x_wconf 68' lang='lat' dir='ltr'>aenea</span> <span class='ocrx_word' id='word_1_152' title='bbox 742 2223 1045 2274; x_wconf 85' lang='lat' dir='ltr'>Numismata</span> <span class='ocrx_word' id='word_1_153' title='bbox 1064 2261 1082 2283; x_wconf 90' lang='lat'>,</span> 
     </span>
     <span class='ocr_line' id='line_1_28' title="bbox 92 2292 1080 2364; baseline 0.004 -22"><span class='ocrx_word' id='word_1_154' title='bbox 92 2311 204 2342; x_wconf 87' lang='lat' dir='ltr'>cum</span> <span class='ocrx_word' id='word_1_155' title='bbox 239 2292 398 2363; x_wconf 82' lang='lat' dir='ltr'>effigie</span> <span class='ocrx_word' id='word_1_156' title='bbox 430 2297 596 2364; x_wconf 85' lang='lat' dir='ltr'>Magni</span> <span class='ocrx_word' id='word_1_157' title='bbox 629 2295 927 2361; x_wconf 70' lang='lat' dir='ltr'>Constantini</span> <span class='ocrx_word' id='word_1_158' title='bbox 963 2331 979 2354; x_wconf 91' lang='lat'>,</span> <span class='ocrx_word' id='word_1_159' title='bbox 1030 2297 1080 2346; x_wconf 82' lang='lat'>&amp;</span> 
     </span>
     <span class='ocr_line' id='line_1_29' title="bbox 93 2365 1077 2434; baseline 0 -21"><span class='ocrx_word' id='word_1_160' title='bbox 93 2367 282 2421; x_wconf 90' lang='lat' dir='ltr'>Cruce,</span> <span class='ocrx_word' id='word_1_161' title='bbox 318 2379 534 2434; x_wconf 88' lang='lat' dir='ltr'>tempore</span> <span class='ocrx_word' id='word_1_162' title='bbox 559 2365 746 2420; x_wconf 83' lang='lat' dir='ltr'>Urbani</span> <span class='ocrx_word' id='word_1_163' title='bbox 766 2370 911 2418; x_wconf 88' lang='lat' dir='ltr'>VIII.</span> <span class='ocrx_word' id='word_1_164' title='bbox 941 2370 1077 2414; x_wconf 86' lang='lat' dir='ltr'>Sum-</span> 
     </span>
     <span class='ocr_line' id='line_1_30' title="bbox 93 2432 1076 2502; baseline 0.005 -24"><span class='ocrx_word' id='word_1_165' title='bbox 93 2434 160 2478; x_wconf 88' lang='lat' dir='ltr'>mi</span> <span class='ocrx_word' id='word_1_166' title='bbox 180 2432 312 2480; x_wconf 89' lang='lat' dir='ltr'>Pont.</span> <span class='ocrx_word' id='word_1_167' title='bbox 332 2453 357 2482; x_wconf 89' lang='lat' dir='ltr'>a</span> <span class='ocrx_word' id='word_1_168' title='bbox 375 2454 468 2502; x_wconf 87' lang='lat' dir='ltr'>quo</span> <span class='ocrx_word' id='word_1_169' title='bbox 487 2437 607 2500; x_wconf 64' lang='lat' dir='ltr'>jacta</span> <span class='ocrx_word' id='word_1_170' title='bbox 631 2434 764 2485; x_wconf 64' lang='lat' dir='ltr'>fuere</span> <span class='ocrx_word' id='word_1_171' title='bbox 793 2436 1076 2486; x_wconf 88' lang='lat' dir='ltr'>fundamen-</span> 
     </span>
     <span class='ocr_line' id='line_1_31' title="bbox 92 2504 1075 2575; baseline 0.008 -27"><span class='ocrx_word' id='word_1_172' title='bbox 92 2515 139 2549; x_wconf 86' lang='lat' dir='ltr'>ta</span> <span class='ocrx_word' id='word_1_173' title='bbox 173 2519 258 2569; x_wconf 90' lang='lat' dir='ltr'>pro</span> <span class='ocrx_word' id='word_1_174' title='bbox 286 2504 567 2554; x_wconf 82' lang='lat' dir='ltr'>collocandis</span> <span class='ocrx_word' id='word_1_175' title='bbox 598 2543 614 2564; x_wconf 92' lang='lat'>‚</span> <span class='ocrx_word' id='word_1_176' title='bbox 661 2506 798 2575; x_wconf 86' lang='lat' dir='ltr'>supra</span> <span class='ocrx_word' id='word_1_177' title='bbox 829 2504 1075 2557; x_wconf 82' lang='lat' dir='ltr'>confeffio-</span> 
     </span>
     <span class='ocr_line' id='line_1_32' title="bbox 92 2577 1074 2642; baseline 0.005 -23"><span class='ocrx_word' id='word_1_178' title='bbox 92 2589 202 2620; x_wconf 85' lang='lat' dir='ltr'>nem</span> <span class='ocrx_word' id='word_1_179' title='bbox 221 2607 237 2629; x_wconf 93' lang='lat'>,</span> <span class='ocrx_word' id='word_1_180' title='bbox 259 2577 440 2642; x_wconf 87' lang='lat' dir='ltr'>magnis</span> <span class='ocrx_word' id='word_1_181' title='bbox 457 2590 661 2641; x_wconf 90' lang='lat' dir='ltr'>quatuor</span> <span class='ocrx_word' id='word_1_182' title='bbox 677 2580 811 2626; x_wconf 81' lang='lat' dir='ltr'>aeneis</span> <span class='ocrx_word' id='word_1_183' title='bbox 823 2579 1074 2635; x_wconf 89' lang='lat' dir='ltr'>columnis,</span> 
     </span>
     <span class='ocr_line' id='line_1_33' title="bbox 87 2639 1075 2710; baseline 0.005 -21"><span class='ocrx_word' id='word_1_184' title='bbox 87 2639 272 2689; x_wconf 86' lang='lat' dir='ltr'><strong>ibidem</strong></span> <span class='ocrx_word' id='word_1_185' title='bbox 288 2658 473 2710; x_wconf 87' lang='lat' dir='ltr'>reperta</span> <span class='ocrx_word' id='word_1_186' title='bbox 490 2681 506 2702; x_wconf 90' lang='lat'>,</span> <span class='ocrx_word' id='word_1_187' title='bbox 531 2660 583 2694; x_wconf 90' lang='lat' dir='ltr'>ut</span> <span class='ocrx_word' id='word_1_188' title='bbox 600 2660 754 2694; x_wconf 85' lang='lat' dir='ltr'>narrat</span> <span class='ocrx_word' id='word_1_189' title='bbox 769 2648 937 2696; x_wconf 89' lang='lat' dir='ltr'>citatus</span> <span class='ocrx_word' id='word_1_190' title='bbox 955 2648 1075 2696; x_wconf 92' lang='lat' dir='ltr'>Tor-</span> 
     </span>
     <span class='ocr_line' id='line_1_34' title="bbox 87 2713 1075 2784; baseline 0.007 -27"><span class='ocrx_word' id='word_1_191' title='bbox 87 2713 234 2779; x_wconf 87' lang='lat' dir='ltr'>rigius</span> <span class='ocrx_word' id='word_1_192' title='bbox 269 2730 313 2779; x_wconf 93' lang='lat' dir='ltr'>p.</span> <span class='ocrx_word' id='word_1_193' title='bbox 337 2720 423 2761; x_wconf 83' lang='lat'>62.</span> <span class='ocrx_word' id='word_1_194' title='bbox 460 2714 598 2764; x_wconf 89' lang='lat' dir='ltr'>Idem</span> <span class='ocrx_word' id='word_1_195' title='bbox 626 2734 811 2784; x_wconf 91' lang='lat' dir='ltr'>quoque</span> <span class='ocrx_word' id='word_1_196' title='bbox 850 2715 1075 2766; x_wconf 85' lang='lat' dir='ltr'>testantur</span> 
     </span>
     <span class='ocr_line' id='line_1_35' title="bbox 88 2780 1071 2845; baseline 0.006 -17"><span class='ocrx_word' id='word_1_197' title='bbox 88 2780 185 2829; x_wconf 90' lang='lat' dir='ltr'>duo</span> <span class='ocrx_word' id='word_1_198' title='bbox 204 2782 285 2829; x_wconf 89' lang='lat' dir='ltr'>illa</span> <span class='ocrx_word' id='word_1_199' title='bbox 309 2783 544 2843; x_wconf 88' lang='lat' dir='ltr'>carmina,</span> <span class='ocrx_word' id='word_1_200' title='bbox 580 2786 730 2834; x_wconf 88' lang='lat' dir='ltr'>literis</span> <span class='ocrx_word' id='word_1_201' title='bbox 759 2785 988 2845; x_wconf 84' lang='lat' dir='ltr'>Mufivis,</span> <span class='ocrx_word' id='word_1_202' title='bbox 1022 2788 1071 2834; x_wconf 90' lang='lat' dir='ltr'>in</span> 
     </span>
     <span class='ocr_line' id='line_1_36' title="bbox 85 2849 1074 2924; baseline 0.008 -26"><span class='ocrx_word' id='word_1_203' title='bbox 85 2849 270 2899; x_wconf 86' lang='lat' dir='ltr'>vetusta</span> <span class='ocrx_word' id='word_1_204' title='bbox 304 2851 519 2901; x_wconf 84' lang='lat' dir='ltr'>Tribuna</span> <span class='ocrx_word' id='word_1_205' title='bbox 550 2855 668 2903; x_wconf 89' lang='lat' dir='ltr'>olim</span> <span class='ocrx_word' id='word_1_206' title='bbox 695 2852 926 2924; x_wconf 78' lang='lat' dir='ltr'>expressa,</span> <span class='ocrx_word' id='word_1_207' title='bbox 953 2874 1074 2923; x_wconf 90' lang='lat' dir='ltr'>quo-</span> 
     </span>
     <span class='ocr_line' id='line_1_37' title="bbox 86 2922 1072 2992; baseline 0.009 -25"><span class='ocrx_word' id='word_1_208' title='bbox 86 2937 196 2968; x_wconf 89' lang='lat' dir='ltr'>rum</span> <span class='ocrx_word' id='word_1_209' title='bbox 211 2925 442 2971; x_wconf 89' lang='lat' dir='ltr'>memoria</span> <span class='ocrx_word' id='word_1_210' title='bbox 459 2929 553 2986; x_wconf 87' lang='lat' dir='ltr'>jam</span> <span class='ocrx_word' id='word_1_211' title='bbox 575 2922 805 2992; x_wconf 78' lang='lat' dir='ltr'>periisset,</span> <span class='ocrx_word' id='word_1_212' title='bbox 838 2925 924 2974; x_wconf 87' lang='lat' dir='ltr'>nifi</span> <span class='ocrx_word' id='word_1_213' title='bbox 939 2945 1072 2976; x_wconf 90' lang='lat' dir='ltr'>accu-</span> 
     </span>
     <span class='ocr_line' id='line_1_38' title="bbox 87 2991 1072 3057; baseline 0.008 -20"><span class='ocrx_word' id='word_1_214' title='bbox 87 3003 186 3038; x_wconf 85' lang='lat' dir='ltr'>rata</span> <span class='ocrx_word' id='word_1_215' title='bbox 206 2991 409 3041; x_wconf 73' lang='lat' dir='ltr'>Andreae</span> <span class='ocrx_word' id='word_1_216' title='bbox 426 2997 582 3043; x_wconf 85' lang='lat' dir='ltr'>Fulvii</span> <span class='ocrx_word' id='word_1_217' title='bbox 604 2993 943 3057; x_wconf 84' lang='lat' dir='ltr'>solertia,cujus</span> <span class='ocrx_word' id='word_1_218' title='bbox 958 3009 1072 3045; x_wconf 89' lang='lat' dir='ltr'>tem-</span> 
     </span>
     <span class='ocr_line' id='line_1_39' title="bbox 87 3061 1074 3133; baseline 0.007 -25"><span class='ocrx_word' id='word_1_219' title='bbox 87 3075 199 3126; x_wconf 83' lang='lat' dir='ltr'>pore</span> <span class='ocrx_word' id='word_1_220' title='bbox 219 3061 436 3111; x_wconf 87' lang='lat' dir='ltr'>Tribuna</span> <span class='ocrx_word' id='word_1_221' title='bbox 461 3063 653 3129; x_wconf 61' lang='lat' dir='ltr'>disjecta</span> <span class='ocrx_word' id='word_1_222' title='bbox 665 3062 786 3122; x_wconf 88' lang='lat' dir='ltr'>fuit,</span> <span class='ocrx_word' id='word_1_223' title='bbox 825 3066 906 3112; x_wconf 84' lang='lat' dir='ltr'>illa</span> <span class='ocrx_word' id='word_1_224' title='bbox 925 3065 1074 3133; x_wconf 87' lang='lat' dir='ltr'>poste-</span> 
     </span>
     <span class='ocr_line' id='line_1_40' title="bbox 87 3129 1064 3203; baseline 0.011 -29"><span class='ocrx_word' id='word_1_225' title='bbox 87 3129 217 3177; x_wconf 88' lang='lat' dir='ltr'>ritati</span> <span class='ocrx_word' id='word_1_226' title='bbox 233 3131 537 3202; x_wconf 74' lang='lat' dir='ltr'>consignasset</span> <span class='ocrx_word' id='word_1_227' title='bbox 552 3158 566 3195; x_wconf 67' lang='grc' dir='ltr'><strong>ς</strong></span> <span class='ocrx_word' id='word_1_228' title='bbox 603 3153 701 3203; x_wconf 85' lang='lat' dir='ltr'>quae</span> <span class='ocrx_word' id='word_1_229' title='bbox 718 3136 924 3184; x_wconf 85' lang='lat' dir='ltr'>carmina</span> <span class='ocrx_word' id='word_1_230' title='bbox 937 3135 1064 3184; x_wconf 87' lang='lat' dir='ltr'>idem</span> 
     </span>
     <span class='ocr_line' id='line_1_41' title="bbox 81 3200 1063 3273; baseline 0.009 -28"><span class='ocrx_word' id='word_1_231' title='bbox 81 3200 278 3250; x_wconf 83' lang='lat' dir='ltr'>Fulvius</span> <span class='ocrx_word' id='word_1_232' title='bbox 310 3201 391 3252; x_wconf 90' lang='lat' dir='ltr'>lib.</span> <span class='ocrx_word' id='word_1_233' title='bbox 411 3224 455 3253; x_wconf 90' lang='lat'>2.</span> <span class='ocrx_word' id='word_1_234' title='bbox 483 3206 668 3256; x_wconf 85' lang='lat' dir='ltr'>suarum</span> <span class='ocrx_word' id='word_1_235' title='bbox 698 3206 1063 3273; x_wconf 60' lang='lat' dir='ltr'>Antiquitatum</span> 
     </span>
     <span class='ocr_line' id='line_1_42' title="bbox 79 3263 336 3321; baseline 0.012 -5"><span class='ocrx_word' id='word_1_236' title='bbox 79 3263 142 3317; x_wconf 86' lang='lat' dir='ltr'>fic</span> <span class='ocrx_word' id='word_1_237' title='bbox 159 3270 304 3321; x_wconf 79' lang='lat' dir='ltr'><strong>refert</strong></span> <span class='ocrx_word' id='word_1_238' title='bbox 325 3309 336 3319; x_wconf 94' lang='lat'><strong>.</strong></span> 
     </span>
    </p>
   </div>
   <div class='ocr_carea' id='block_1_2' title="bbox 1115 255 2135 3267">
    <p class='ocr_par' dir='ltr' id='par_1_3' title="bbox 1123 255 2135 589">
     <span class='ocr_line' id='line_1_43' title="bbox 1123 255 2131 319; baseline -0.001 -9"><span class='ocrx_word' id='word_1_239' title='bbox 1123 257 1170 310; x_wconf 81' lang='lat' dir='ltr'><em>U</em></span> <span class='ocrx_word' id='word_1_240' title='bbox 1240 257 1287 309; x_wconf 87' lang='lat' dir='ltr'><strong><em>T</em></strong></span> <span class='ocrx_word' id='word_1_241' title='bbox 1400 255 1430 307; x_wconf 89' lang='lat' dir='ltr'>I</span> <span class='ocrx_word' id='word_1_242' title='bbox 1444 259 1495 310; x_wconf 90' lang='lat' dir='ltr'>V.</span> <span class='ocrx_word' id='word_1_243' title='bbox 2074 276 2097 319; x_wconf 86' lang='lat'><em>3</em></span> <span class='ocrx_word' id='word_1_244' title='bbox 2113 279 2131 309; x_wconf 89' lang='lat'>1</span> 
     </span>
     <span class='ocr_line' id='line_1_44' title="bbox 1152 325 2131 403; baseline 0.001 -26"><span class='ocrx_word' id='word_1_245' title='bbox 1152 326 1291 403; x_wconf 72' lang='lat' dir='ltr'>de</span> <span class='ocrx_word' id='word_1_246' title='bbox 1310 329 1412 378; x_wconf 85' lang='lat' dir='ltr'>duce</span> <span class='ocrx_word' id='word_1_247' title='bbox 1439 345 1480 376; x_wconf 84' lang='lat' dir='ltr'>te</span> <span class='ocrx_word' id='word_1_248' title='bbox 1499 325 1698 379; x_wconf 84' lang='lat' dir='ltr'>Mundus</span> <span class='ocrx_word' id='word_1_249' title='bbox 1715 329 1915 399; x_wconf 74' lang='lat' dir='ltr'>fhrrexit</span> <span class='ocrx_word' id='word_1_250' title='bbox 1935 334 1983 379; x_wconf 90' lang='lat' dir='ltr'>in</span> <span class='ocrx_word' id='word_1_251' title='bbox 2008 332 2131 381; x_wconf 63' lang='lat' dir='ltr'>affra</span> 
     </span>
     <span class='ocr_line' id='line_1_45' title="bbox 1293 401 1579 464; baseline -0.003 -16"><span class='ocrx_word' id='word_1_252' title='bbox 1293 401 1579 464; x_wconf 75' lang='lat' dir='ltr'>triumphans,</span> 
     </span>
     <span class='ocr_line' id='line_1_46' title="bbox 1150 468 2135 523; baseline 0 -4"><span class='ocrx_word' id='word_1_253' title='bbox 1150 470 1280 521; x_wconf 85' lang='lat' dir='ltr'>Hanc</span> <span class='ocrx_word' id='word_1_254' title='bbox 1304 472 1616 523; x_wconf 59' lang='lat' dir='ltr'>Constantinus</span> <span class='ocrx_word' id='word_1_255' title='bbox 1643 468 1794 520; x_wconf 71' lang='lat' dir='ltr'><em>ViHor</em></span> <span class='ocrx_word' id='word_1_256' title='bbox 1816 468 1904 519; x_wconf 83' lang='lat' dir='ltr'>tibi</span> <span class='ocrx_word' id='word_1_257' title='bbox 1937 470 2135 520; x_wconf 75' lang='lat' dir='ltr'>condidit</span> 
     </span>
     <span class='ocr_line' id='line_1_47' title="bbox 1291 543 1463 589; baseline -0.012 -1"><span class='ocrx_word' id='word_1_258' title='bbox 1291 543 1432 589; x_wconf 83' lang='lat' dir='ltr'>aulam</span> <span class='ocrx_word' id='word_1_259' title='bbox 1453 576 1463 586; x_wconf 89' lang='lat'><strong>.</strong></span> 
     </span>
    </p>

    <p class='ocr_par' dir='ltr' id='par_1_4' title="bbox 1141 608 2135 1030">
     <span class='ocr_line' id='line_1_48' title="bbox 1221 608 2135 678; baseline -0.003 -18"><span class='ocrx_word' id='word_1_260' title='bbox 1221 609 1463 660; x_wconf 61' lang='lat' dir='ltr'>Hactenus</span> <span class='ocrx_word' id='word_1_261' title='bbox 1482 608 1539 658; x_wconf 88' lang='lat' dir='ltr'>de</span> <span class='ocrx_word' id='word_1_262' title='bbox 1557 611 1812 666; x_wconf 88' lang='lat' dir='ltr'>Vaticano,</span> <span class='ocrx_word' id='word_1_263' title='bbox 1830 610 1878 659; x_wconf 88' lang='lat'>&amp;</span> <span class='ocrx_word' id='word_1_264' title='bbox 1900 613 1996 672; x_wconf 88' lang='lat' dir='ltr'>ejus</span> <span class='ocrx_word' id='word_1_265' title='bbox 2016 612 2135 678; x_wconf 87' lang='lat' dir='ltr'>Ety-</span> 
     </span>
     <span class='ocr_line' id='line_1_49' title="bbox 1151 677 2130 738; baseline 0.001 -11"><span class='ocrx_word' id='word_1_266' title='bbox 1151 698 1232 728; x_wconf 91' lang='lat' dir='ltr'>mo</span> <span class='ocrx_word' id='word_1_267' title='bbox 1264 716 1279 738; x_wconf 93' lang='lat'>,</span> <span class='ocrx_word' id='word_1_268' title='bbox 1321 698 1501 729; x_wconf 87' lang='lat' dir='ltr'>necnon</span> <span class='ocrx_word' id='word_1_269' title='bbox 1536 677 1802 727; x_wconf 71' lang='lat' dir='ltr'>indubitata¹</span> <span class='ocrx_word' id='word_1_270' title='bbox 1831 680 2130 729; x_wconf 84' lang='lat' dir='ltr'>Constantini</span> 
     </span>
     <span class='ocr_line' id='line_1_50' title="bbox 1150 748 2131 818; baseline 0.004 -21"><span class='ocrx_word' id='word_1_271' title='bbox 1150 748 1425 799; x_wconf 83' lang='lat' dir='ltr'>fundatione</span> <span class='ocrx_word' id='word_1_272' title='bbox 1459 748 1565 797; x_wconf 89' lang='lat' dir='ltr'>satis</span> <span class='ocrx_word' id='word_1_273' title='bbox 1595 750 1750 798; x_wconf 60' lang='lat' dir='ltr'>actum</span> <span class='ocrx_word' id='word_1_274' title='bbox 1778 748 1843 797; x_wconf 86' lang='lat' dir='ltr'>est</span> <span class='ocrx_word' id='word_1_275' title='bbox 1863 786 1874 796; x_wconf 91' lang='lat'><strong>.</strong></span> <span class='ocrx_word' id='word_1_276' title='bbox 1913 748 2131 818; x_wconf 87' lang='lat' dir='ltr'>Superest</span> 
     </span>
     <span class='ocr_line' id='line_1_51' title="bbox 1149 819 2130 888; baseline 0.001 -20"><span class='ocrx_word' id='word_1_277' title='bbox 1149 819 1296 869; x_wconf 71' lang='lat' dir='ltr'>modo</span> <span class='ocrx_word' id='word_1_278' title='bbox 1309 856 1324 879; x_wconf 91' lang='lat'>,</span> <span class='ocrx_word' id='word_1_279' title='bbox 1345 835 1398 868; x_wconf 87' lang='lat' dir='ltr'>ut</span> <span class='ocrx_word' id='word_1_280' title='bbox 1418 821 1550 888; x_wconf 87' lang='lat' dir='ltr'>operi</span> <span class='ocrx_word' id='word_1_281' title='bbox 1568 819 1720 868; x_wconf 85' lang='lat' dir='ltr'>nostro</span> <span class='ocrx_word' id='word_1_282' title='bbox 1743 819 2053 888; x_wconf 87' lang='lat' dir='ltr'>indulgentes,</span> <span class='ocrx_word' id='word_1_283' title='bbox 2071 820 2130 869; x_wconf 88' lang='lat' dir='ltr'>ad</span> 
     </span>
     <span class='ocr_line' id='line_1_52' title="bbox 1148 887 2129 957; baseline 0 -18"><span class='ocrx_word' id='word_1_284' title='bbox 1148 893 1393 940; x_wconf 88' lang='lat' dir='ltr'>interiores</span> <span class='ocrx_word' id='word_1_285' title='bbox 1414 887 1614 938; x_wconf 80' lang='lat' dir='ltr'>Bafilicae</span> <span class='ocrx_word' id='word_1_286' title='bbox 1633 903 1783 957; x_wconf 88' lang='lat' dir='ltr'>partes</span> <span class='ocrx_word' id='word_1_287' title='bbox 1800 888 2129 940; x_wconf 77' lang='lat' dir='ltr'>delcribendas</span> 
     </span>
     <span class='ocr_line' id='line_1_53' title="bbox 1141 961 1741 1030; baseline -0.003 -22"><span class='ocrx_word' id='word_1_288' title='bbox 1141 962 1378 1030; x_wconf 84' lang='lat' dir='ltr'>gradatim</span> <span class='ocrx_word' id='word_1_289' title='bbox 1400 961 1711 1029; x_wconf 85' lang='lat' dir='ltr'>procedamus</span> <span class='ocrx_word' id='word_1_290' title='bbox 1731 996 1741 1006; x_wconf 93' lang='lat'><strong>.</strong></span> 
     </span>
    </p>

    <p class='ocr_par' dir='ltr' id='par_1_5' title="bbox 1132 1026 2129 1936">
     <span class='ocr_line' id='line_1_54' title="bbox 1212 1026 2124 1089; baseline -0.001 -11"><span class='ocrx_word' id='word_1_291' title='bbox 1212 1035 1267 1081; x_wconf 87' lang='lat' dir='ltr'>ln</span> <span class='ocrx_word' id='word_1_292' title='bbox 1282 1029 1581 1085; x_wconf 86' lang='lat' dir='ltr'>Tabul.VII.</span> <span class='ocrx_word' id='word_1_293' title='bbox 1599 1026 1800 1079; x_wconf 85' lang='lat' dir='ltr'>exhibeo</span> <span class='ocrx_word' id='word_1_294' title='bbox 1818 1043 1915 1077; x_wconf 86' lang='lat' dir='ltr'>tam</span> <span class='ocrx_word' id='word_1_295' title='bbox 1932 1031 2124 1089; x_wconf 84' lang='lat' dir='ltr'>veteris,</span> 
     </span>
     <span class='ocr_line' id='line_1_55' title="bbox 1142 1100 2125 1168; baseline 0 -19"><span class='ocrx_word' id='word_1_296' title='bbox 1142 1104 1285 1168; x_wconf 69' lang='lat' dir='ltr'>quam</span> <span class='ocrx_word' id='word_1_297' title='bbox 1317 1119 1450 1150; x_wconf 83' lang='lat' dir='ltr'>novae</span> <span class='ocrx_word' id='word_1_298' title='bbox 1480 1102 1615 1162; x_wconf 87' lang='lat' dir='ltr'>hujus</span> <span class='ocrx_word' id='word_1_299' title='bbox 1648 1100 1840 1166; x_wconf 84' lang='lat' dir='ltr'>inclytae</span> <span class='ocrx_word' id='word_1_300' title='bbox 1883 1103 2125 1149; x_wconf 65' lang='lat' dir='ltr'>Vaticana!</span> 
     </span>
     <span class='ocr_line' id='line_1_56' title="bbox 1145 1169 2127 1239; baseline 0.001 -21"><span class='ocrx_word' id='word_1_301' title='bbox 1145 1169 1343 1219; x_wconf 82' lang='lat' dir='ltr'>Bafilicae</span> <span class='ocrx_word' id='word_1_302' title='bbox 1364 1171 1758 1239; x_wconf 84' lang='lat' dir='ltr'>Ichnographiam</span> <span class='ocrx_word' id='word_1_303' title='bbox 1775 1205 1792 1228; x_wconf 89' lang='lat'>,</span> <span class='ocrx_word' id='word_1_304' title='bbox 1823 1187 1879 1218; x_wconf 84' lang='lat' dir='ltr'>ex</span> <span class='ocrx_word' id='word_1_305' title='bbox 1895 1188 1985 1236; x_wconf 91' lang='lat' dir='ltr'>qua</span> <span class='ocrx_word' id='word_1_306' title='bbox 2002 1170 2127 1219; x_wconf 59' lang='lat' dir='ltr'>clare}-</span> 
     </span>
     <span class='ocr_line' id='line_1_57' title="bbox 1141 1238 2124 1308; baseline 0 -20"><span class='ocrx_word' id='word_1_307' title='bbox 1141 1238 1434 1289; x_wconf 88' lang='lat' dir='ltr'>intuentibus</span> <span class='ocrx_word' id='word_1_308' title='bbox 1453 1254 1597 1308; x_wconf 87' lang='lat' dir='ltr'>patet,</span> <span class='ocrx_word' id='word_1_309' title='bbox 1609 1239 1853 1305; x_wconf 89' lang='lat' dir='ltr'>quomodo</span> <span class='ocrx_word' id='word_1_310' title='bbox 1869 1238 1914 1288; x_wconf 91' lang='lat' dir='ltr'>se</span> <span class='ocrx_word' id='word_1_311' title='bbox 1933 1242 2124 1306; x_wconf 81' lang='lat' dir='ltr'>antiqua</span> 
     </span>
     <span class='ocr_line' id='line_1_58' title="bbox 1141 1306 2126 1374; baseline -0.002 -16"><span class='ocrx_word' id='word_1_312' title='bbox 1141 1308 1364 1366; x_wconf 77' lang='lat' dir='ltr'>Basilica,</span> <span class='ocrx_word' id='word_1_313' title='bbox 1401 1328 1509 1359; x_wconf 88' lang='lat' dir='ltr'>curn</span> <span class='ocrx_word' id='word_1_314' title='bbox 1529 1306 1847 1374; x_wconf 89' lang='lat' dir='ltr'>adjacentibus</span> <span class='ocrx_word' id='word_1_315' title='bbox 1867 1310 2008 1366; x_wconf 90' lang='lat' dir='ltr'>locis,</span> <span class='ocrx_word' id='word_1_316' title='bbox 2045 1310 2126 1356; x_wconf 90' lang='lat' dir='ltr'>ha-</span> 
     </span>
     <span class='ocr_line' id='line_1_59' title="bbox 1140 1376 2127 1447; baseline -0.001 -19"><span class='ocrx_word' id='word_1_317' title='bbox 1140 1379 1271 1430; x_wconf 90' lang='lat' dir='ltr'>beret</span> <span class='ocrx_word' id='word_1_318' title='bbox 1284 1415 1300 1437; x_wconf 94' lang='lat'>,</span> <span class='ocrx_word' id='word_1_319' title='bbox 1340 1381 1389 1430; x_wconf 89' lang='lat'>&amp;</span> <span class='ocrx_word' id='word_1_320' title='bbox 1426 1379 1653 1446; x_wconf 88' lang='lat' dir='ltr'>quicquid</span> <span class='ocrx_word' id='word_1_321' title='bbox 1685 1376 1840 1447; x_wconf 86' lang='lat' dir='ltr'>postea</span> <span class='ocrx_word' id='word_1_322' title='bbox 1864 1395 1949 1446; x_wconf 90' lang='lat' dir='ltr'>per</span> <span class='ocrx_word' id='word_1_323' title='bbox 1980 1396 2127 1427; x_wconf 87' lang='lat' dir='ltr'>novas</span> 
     </span>
     <span class='ocr_line' id='line_1_60' title="bbox 1139 1445 2128 1507; baseline -0.004 -7"><span class='ocrx_word' id='word_1_324' title='bbox 1139 1448 1504 1500; x_wconf 62' lang='lat' dir='ltr'>constructiones</span> <span class='ocrx_word' id='word_1_325' title='bbox 1529 1450 1687 1499; x_wconf 91' lang='lat' dir='ltr'>eidem</span> <span class='ocrx_word' id='word_1_326' title='bbox 1713 1448 1932 1497; x_wconf 88' lang='lat' dir='ltr'>additum</span> <span class='ocrx_word' id='word_1_327' title='bbox 1948 1483 1965 1507; x_wconf 92' lang='lat'>,</span> <span class='ocrx_word' id='word_1_328' title='bbox 1998 1445 2128 1500; x_wconf 73' lang='lat' dir='ltr'>five,</span> 
     </span>
     <span class='ocr_line' id='line_1_61' title="bbox 1138 1517 2129 1582; baseline -0.002 -13"><span class='ocrx_word' id='word_1_329' title='bbox 1138 1518 1429 1571; x_wconf 65' lang='lat' dir='ltr'>subtrastum</span> <span class='ocrx_word' id='word_1_330' title='bbox 1459 1517 1600 1570; x_wconf 90' lang='lat' dir='ltr'>fuerit</span> <span class='ocrx_word' id='word_1_331' title='bbox 1626 1542 1641 1582; x_wconf 89' lang='lat'>;</span> <span class='ocrx_word' id='word_1_332' title='bbox 1672 1537 1854 1568; x_wconf 90' lang='lat' dir='ltr'>novum</span> <span class='ocrx_word' id='word_1_333' title='bbox 1887 1519 2129 1568; x_wconf 88' lang='lat' dir='ltr'>indicatur</span> 
     </span>
     <span class='ocr_line' id='line_1_62' title="bbox 1140 1586 2124 1660; baseline -0.003 -20"><span class='ocrx_word' id='word_1_334' title='bbox 1140 1592 1351 1660; x_wconf 63' lang='lat' dir='ltr'>punctis,</span> <span class='ocrx_word' id='word_1_335' title='bbox 1388 1593 1634 1657; x_wconf 85' lang='lat' dir='ltr'>antiquum</span> <span class='ocrx_word' id='word_1_336' title='bbox 1653 1591 1789 1640; x_wconf 90' lang='lat' dir='ltr'>lineis</span> <span class='ocrx_word' id='word_1_337' title='bbox 1807 1626 1823 1648; x_wconf 96' lang='lat'>,</span> <span class='ocrx_word' id='word_1_338' title='bbox 1851 1587 2044 1656; x_wconf 89' lang='lat' dir='ltr'>aliisque</span> <span class='ocrx_word' id='word_1_339' title='bbox 2064 1586 2124 1637; x_wconf 83' lang='lat' dir='ltr'>fi-</span> 
     </span>
     <span class='ocr_line' id='line_1_63' title="bbox 1137 1658 2126 1732; baseline -0.001 -23"><span class='ocrx_word' id='word_1_340' title='bbox 1137 1664 1238 1732; x_wconf 89' lang='lat' dir='ltr'>gnis</span> <span class='ocrx_word' id='word_1_341' title='bbox 1253 1698 1262 1710; x_wconf 93' lang='lat'><strong>.</strong></span> <span class='ocrx_word' id='word_1_342' title='bbox 1283 1663 1474 1712; x_wconf 86' lang='lat' dir='ltr'>Veteris</span> <span class='ocrx_word' id='word_1_343' title='bbox 1492 1658 1697 1709; x_wconf 82' lang='lat' dir='ltr'>Bafilicae</span> <span class='ocrx_word' id='word_1_344' title='bbox 1718 1659 1918 1728; x_wconf 75' lang='lat' dir='ltr'>lingulas</span> <span class='ocrx_word' id='word_1_345' title='bbox 1942 1673 2094 1728; x_wconf 88' lang='lat' dir='ltr'>partes</span> <span class='ocrx_word' id='word_1_346' title='bbox 2106 1694 2126 1719; x_wconf 81' lang='lat'>,</span> 
     </span>
     <span class='ocr_line' id='line_1_64' title="bbox 1138 1727 2126 1797; baseline -0.004 -17"><span class='ocrx_word' id='word_1_347' title='bbox 1138 1735 1365 1780; x_wconf 87' lang='lat' dir='ltr'>minutim</span> <span class='ocrx_word' id='word_1_348' title='bbox 1394 1745 1650 1797; x_wconf 85' lang='lat' dir='ltr'>utcumque</span> <span class='ocrx_word' id='word_1_349' title='bbox 1681 1727 2036 1786; x_wconf 86' lang='lat' dir='ltr'>describemus,</span> <span class='ocrx_word' id='word_1_350' title='bbox 2072 1743 2126 1777; x_wconf 89' lang='lat' dir='ltr'>ut</span> 
     </span>
     <span class='ocr_line' id='line_1_65' title="bbox 1141 1796 2123 1868; baseline -0.002 -18"><span class='ocrx_word' id='word_1_351' title='bbox 1141 1802 1332 1868; x_wconf 83' lang='lat' dir='ltr'>posteris</span> <span class='ocrx_word' id='word_1_352' title='bbox 1365 1800 1705 1867; x_wconf 85' lang='lat' dir='ltr'>quoquomodo</span> <span class='ocrx_word' id='word_1_353' title='bbox 1745 1814 1886 1848; x_wconf 84' lang='lat' dir='ltr'>tantae</span> <span class='ocrx_word' id='word_1_354' title='bbox 1915 1796 2123 1848; x_wconf 83' lang='lat' dir='ltr'>Bafilicae</span> 
     </span>
     <span class='ocr_line' id='line_1_66' title="bbox 1132 1867 2087 1936; baseline -0.001 -18"><span class='ocrx_word' id='word_1_355' title='bbox 1132 1869 1284 1919; x_wconf 87' lang='lat' dir='ltr'>forma</span> <span class='ocrx_word' id='word_1_356' title='bbox 1297 1906 1312 1928; x_wconf 86' lang='lat'>,</span> <span class='ocrx_word' id='word_1_357' title='bbox 1338 1889 1437 1936; x_wconf 81' lang='lat' dir='ltr'>quae</span> <span class='ocrx_word' id='word_1_358' title='bbox 1459 1872 1577 1919; x_wconf 91' lang='lat' dir='ltr'>olim</span> <span class='ocrx_word' id='word_1_359' title='bbox 1594 1868 1738 1920; x_wconf 88' lang='lat' dir='ltr'>fuerit</span> <span class='ocrx_word' id='word_1_360' title='bbox 1752 1904 1768 1928; x_wconf 90' lang='lat'>,</span> <span class='ocrx_word' id='word_1_361' title='bbox 1797 1867 2057 1919; x_wconf 89' lang='lat' dir='ltr'>innotescat</span> <span class='ocrx_word' id='word_1_362' title='bbox 2074 1905 2087 1917; x_wconf 92' lang='lat'><strong>.</strong></span> 
     </span>
    </p>

    <p class='ocr_par' dir='ltr' id='par_1_6' title="bbox 1115 1938 2134 3267">
     <span class='ocr_line' id='line_1_67' title="bbox 1207 1938 2123 2006; baseline -0.003 -17"><span class='ocrx_word' id='word_1_363' title='bbox 1207 1942 1377 1997; x_wconf 88' lang='lat' dir='ltr'>Hanc,</span> <span class='ocrx_word' id='word_1_364' title='bbox 1409 1938 1743 2006; x_wconf 85' lang='lat' dir='ltr'>sequentesque</span> <span class='ocrx_word' id='word_1_365' title='bbox 1764 1939 1974 1987; x_wconf 78' lang='lat' dir='ltr'>Tabulas</span> <span class='ocrx_word' id='word_1_366' title='bbox 2002 1941 2123 1987; x_wconf 87' lang='lat' dir='ltr'>anti-</span> 
     </span>
     <span class='ocr_line' id='line_1_68' title="bbox 1134 2007 2123 2077; baseline 0.002 -20"><span class='ocrx_word' id='word_1_367' title='bbox 1134 2028 1277 2077; x_wconf 89' lang='lat' dir='ltr'>quam</span> <span class='ocrx_word' id='word_1_368' title='bbox 1299 2007 1546 2058; x_wconf 75' lang='lat' dir='ltr'>Basilicam</span> <span class='ocrx_word' id='word_1_369' title='bbox 1562 2046 1579 2069; x_wconf 93' lang='lat'>,</span> <span class='ocrx_word' id='word_1_370' title='bbox 1598 2011 1646 2060; x_wconf 83' lang='lat'>&amp;</span> <span class='ocrx_word' id='word_1_371' title='bbox 1665 2011 1712 2056; x_wconf 91' lang='lat' dir='ltr'>in</span> <span class='ocrx_word' id='word_1_372' title='bbox 1733 2012 1797 2060; x_wconf 89' lang='lat' dir='ltr'>eis</span> <span class='ocrx_word' id='word_1_373' title='bbox 1813 2021 2033 2057; x_wconf 83' lang='lat' dir='ltr'>contenta</span> <span class='ocrx_word' id='word_1_374' title='bbox 2050 2027 2123 2059; x_wconf 86' lang='lat' dir='ltr'>re-</span> 
     </span>
     <span class='ocr_line' id='line_1_69' title="bbox 1136 2076 2124 2149; baseline 0.003 -23"><span class='ocrx_word' id='word_1_375' title='bbox 1136 2076 1824 2149; x_wconf 81' lang='lat' dir='ltr'>praesentantes,desumpfimus</span> <span class='ocrx_word' id='word_1_376' title='bbox 1842 2097 1900 2129; x_wconf 88' lang='lat' dir='ltr'>ex</span> <span class='ocrx_word' id='word_1_377' title='bbox 1913 2081 2124 2146; x_wconf 88' lang='lat' dir='ltr'>quodam</span> 
     </span>
     <span class='ocr_line' id='line_1_70' title="bbox 1134 2147 2123 2213; baseline -0.003 -13"><span class='ocrx_word' id='word_1_378' title='bbox 1134 2151 1318 2200; x_wconf 92' lang='lat' dir='ltr'>Codice</span> <span class='ocrx_word' id='word_1_379' title='bbox 1333 2185 1349 2207; x_wconf 88' lang='lat'>,</span> <span class='ocrx_word' id='word_1_380' title='bbox 1380 2151 1426 2197; x_wconf 91' lang='lat' dir='ltr'>in</span> <span class='ocrx_word' id='word_1_381' title='bbox 1447 2151 1663 2199; x_wconf 85' lang='lat' dir='ltr'>Archivo</span> <span class='ocrx_word' id='word_1_382' title='bbox 1686 2150 1895 2213; x_wconf 86' lang='lat' dir='ltr'>ejusdcm</span> <span class='ocrx_word' id='word_1_383' title='bbox 1917 2147 2123 2197; x_wconf 77' lang='lat' dir='ltr'>Basllicae</span> 
     </span>
     <span class='ocr_line' id='line_1_71' title="bbox 1134 2217 2124 2288; baseline 0 -20"><span class='ocrx_word' id='word_1_384' title='bbox 1134 2235 1326 2269; x_wconf 80' lang='lat' dir='ltr'>extante</span> <span class='ocrx_word' id='word_1_385' title='bbox 1352 2255 1367 2278; x_wconf 91' lang='lat'>,</span> <span class='ocrx_word' id='word_1_386' title='bbox 1396 2225 1525 2283; x_wconf 88' lang='lat' dir='ltr'>cujus</span> <span class='ocrx_word' id='word_1_387' title='bbox 1546 2220 1663 2267; x_wconf 89' lang='lat' dir='ltr'>mihi</span> <span class='ocrx_word' id='word_1_388' title='bbox 1681 2222 1868 2288; x_wconf 87' lang='lat' dir='ltr'>copiam</span> <span class='ocrx_word' id='word_1_389' title='bbox 1901 2217 2014 2268; x_wconf 88' lang='lat' dir='ltr'>fecit</span> <span class='ocrx_word' id='word_1_390' title='bbox 2032 2221 2124 2268; x_wconf 87' lang='lat' dir='ltr'>Re-</span> 
     </span>
     <span class='ocr_line' id='line_1_72' title="bbox 1134 2287 2120 2340; baseline -0.002 -1"><span class='ocrx_word' id='word_1_391' title='bbox 1134 2287 1497 2340; x_wconf 77' lang='lat' dir='ltr'>verendissimus&#39;</span> <span class='ocrx_word' id='word_1_392' title='bbox 1537 2292 1599 2338; x_wconf 88' lang='lat' dir='ltr'>D.</span> <span class='ocrx_word' id='word_1_393' title='bbox 1624 2289 1834 2339; x_wconf 84' lang='lat' dir='ltr'>Thomas</span> <span class='ocrx_word' id='word_1_394' title='bbox 1872 2290 2120 2339; x_wconf 85' lang='lat' dir='ltr'>Vanninus</span> 
     </span>
     <span class='ocr_line' id='line_1_73' title="bbox 1132 2356 2123 2430; baseline -0.003 -22"><span class='ocrx_word' id='word_1_395' title='bbox 1132 2358 1331 2430; x_wconf 79' lang='lat' dir='ltr'>praefatae</span> <span class='ocrx_word' id='word_1_396' title='bbox 1350 2358 1554 2408; x_wconf 80' lang='lat' dir='ltr'>Bafilicae</span> <span class='ocrx_word' id='word_1_397' title='bbox 1574 2362 1873 2417; x_wconf 87' lang='lat' dir='ltr'>Canonicus,</span> <span class='ocrx_word' id='word_1_398' title='bbox 1891 2360 1941 2410; x_wconf 86' lang='lat'>&amp;</span> <span class='ocrx_word' id='word_1_399' title='bbox 1965 2356 2123 2406; x_wconf 85' lang='lat' dir='ltr'>Tabu-</span> 
     </span>
     <span class='ocr_line' id='line_1_74' title="bbox 1132 2425 2119 2498; baseline -0.004 -19"><span class='ocrx_word' id='word_1_400' title='bbox 1132 2434 1291 2490; x_wconf 88' lang='lat' dir='ltr'>larius,</span> <span class='ocrx_word' id='word_1_401' title='bbox 1310 2431 1620 2498; x_wconf 87' lang='lat' dir='ltr'>permittente</span> <span class='ocrx_word' id='word_1_402' title='bbox 1642 2444 1801 2479; x_wconf 87' lang='lat' dir='ltr'>tamen</span> <span class='ocrx_word' id='word_1_403' title='bbox 1819 2425 2119 2478; x_wconf 89' lang='lat' dir='ltr'>Eminentiss.</span> 
     </span>
     <span class='ocr_line' id='line_1_75' title="bbox 1129 2497 2119 2554; baseline -0.009 0"><span class='ocrx_word' id='word_1_404' title='bbox 1129 2504 1179 2554; x_wconf 84' lang='lat'>&amp;</span> <span class='ocrx_word' id='word_1_405' title='bbox 1215 2497 1547 2551; x_wconf 84' lang='lat' dir='ltr'>Reverendiss.</span> <span class='ocrx_word' id='word_1_406' title='bbox 1579 2503 1636 2549; x_wconf 90' lang='lat' dir='ltr'>D.</span> <span class='ocrx_word' id='word_1_407' title='bbox 1666 2501 1844 2550; x_wconf 91' lang='lat' dir='ltr'>Carolo</span> <span class='ocrx_word' id='word_1_408' title='bbox 1872 2497 2119 2549; x_wconf 90' lang='lat' dir='ltr'>Cardinali</span> 
     </span>
     <span class='ocr_line' id='line_1_76' title="bbox 1129 2568 2121 2636; baseline -0.005 -15"><span class='ocrx_word' id='word_1_409' title='bbox 1129 2570 1384 2622; x_wconf 85' lang='lat' dir='ltr'>Barberino</span> <span class='ocrx_word' id='word_1_410' title='bbox 1412 2569 1623 2635; x_wconf 85' lang='lat' dir='ltr'>ejusdem</span> <span class='ocrx_word' id='word_1_411' title='bbox 1643 2568 1845 2618; x_wconf 80' lang='lat' dir='ltr'>Bafilicae</span> <span class='ocrx_word' id='word_1_412' title='bbox 1862 2569 2121 2636; x_wconf 85' lang='lat' dir='ltr'>Archipre·</span> 
     </span>
     <span class='ocr_line' id='line_1_77' title="bbox 1127 2637 2115 2712; baseline -0.006 -20"><span class='ocrx_word' id='word_1_413' title='bbox 1127 2642 1360 2712; x_wconf 88' lang='lat' dir='ltr'>sbytero,</span> <span class='ocrx_word' id='word_1_414' title='bbox 1396 2640 1566 2707; x_wconf 84' lang='lat' dir='ltr'>quibus</span> <span class='ocrx_word' id='word_1_415' title='bbox 1597 2641 1890 2689; x_wconf 87' lang='lat' dir='ltr'>humillimas</span> <span class='ocrx_word' id='word_1_416' title='bbox 1909 2637 2115 2705; x_wconf 88' lang='lat' dir='ltr'>rependo</span> 
     </span>
     <span class='ocr_line' id='line_1_78' title="bbox 1126 2706 2115 2784; baseline -0.007 -23"><span class='ocrx_word' id='word_1_417' title='bbox 1126 2727 1298 2784; x_wconf 87' lang='lat' dir='ltr'>grates,</span> <span class='ocrx_word' id='word_1_418' title='bbox 1315 2713 1583 2780; x_wconf 90' lang='lat' dir='ltr'>pariterque</span> <span class='ocrx_word' id='word_1_419' title='bbox 1600 2713 1743 2760; x_wconf 87' lang='lat' dir='ltr'>etiam</span> <span class='ocrx_word' id='word_1_420' title='bbox 1759 2712 1882 2756; x_wconf 87' lang='lat' dir='ltr'>Rev.</span> <span class='ocrx_word' id='word_1_421' title='bbox 1904 2706 2115 2774; x_wconf 79' lang='lat' dir='ltr'>D-Jose-</span> 
     </span>
     <span class='ocr_line' id='line_1_79' title="bbox 1126 2776 2116 2854; baseline -0.008 -22"><span class='ocrx_word' id='word_1_422' title='bbox 1126 2786 1219 2854; x_wconf 86' lang='lat' dir='ltr'>pho</span> <span class='ocrx_word' id='word_1_423' title='bbox 1237 2783 1405 2833; x_wconf 87' lang='lat' dir='ltr'>Mariae</span> <span class='ocrx_word' id='word_1_424' title='bbox 1425 2781 1630 2837; x_wconf 84' lang='lat' dir='ltr'>Caro‚de</span> <span class='ocrx_word' id='word_1_425' title='bbox 1649 2776 2116 2843; x_wconf 84' lang='lat' dir='ltr'>Sacris,antiquisque</span> 
     </span>
     <span class='ocr_line' id='line_1_80' title="bbox 1126 2846 2113 2912; baseline -0.006 -10"><span class='ocrx_word' id='word_1_426' title='bbox 1126 2853 1372 2904; x_wconf 88' lang='lat' dir='ltr'>memoriis</span> <span class='ocrx_word' id='word_1_427' title='bbox 1393 2848 1653 2898; x_wconf 88' lang='lat' dir='ltr'>admodum</span> <span class='ocrx_word' id='word_1_428' title='bbox 1673 2846 2012 2904; x_wconf 89' lang='lat' dir='ltr'>benemerenti,</span> <span class='ocrx_word' id='word_1_429' title='bbox 2030 2848 2113 2912; x_wconf 88' lang='lat' dir='ltr'>qui</span> 
     </span>
     <span class='ocr_line' id='line_1_81' title="bbox 1124 2915 2110 2986; baseline -0.008 -14"><span class='ocrx_word' id='word_1_430' title='bbox 1124 2920 1511 2986; x_wconf 80' lang='lat' dir='ltr'>Manuscriptum</span> <span class='ocrx_word' id='word_1_431' title='bbox 1534 2915 1720 2966; x_wconf 91' lang='lat' dir='ltr'>Tiberii</span> <span class='ocrx_word' id='word_1_432' title='bbox 1739 2917 2001 2984; x_wconf 87' lang='lat' dir='ltr'>Alpharani</span> <span class='ocrx_word' id='word_1_433' title='bbox 2027 2935 2110 2964; x_wconf 89' lang='lat' dir='ltr'>an-</span> 
     </span>
     <span class='ocr_line' id='line_1_82' title="bbox 1125 2983 2110 3058; baseline -0.004 -17"><span class='ocrx_word' id='word_1_434' title='bbox 1125 2996 1264 3058; x_wconf 83' lang='lat' dir='ltr'>tiquae</span> <span class='ocrx_word' id='word_1_435' title='bbox 1286 2989 1525 3039; x_wconf 83' lang='lat' dir='ltr'>Vaticanae</span> <span class='ocrx_word' id='word_1_436' title='bbox 1548 2984 1751 3037; x_wconf 81' lang='lat' dir='ltr'>Bafilicae</span> <span class='ocrx_word' id='word_1_437' title='bbox 1776 2983 2110 3037; x_wconf 64' lang='lat' dir='ltr'>accuratissimi</span> 
     </span>
     <span class='ocr_line' id='line_1_83' title="bbox 1125 3054 2109 3129; baseline -0.006 -17"><span class='ocrx_word' id='word_1_438' title='bbox 1125 3058 1391 3129; x_wconf 85' lang='lat' dir='ltr'>Scriptoris,</span> <span class='ocrx_word' id='word_1_439' title='bbox 1407 3054 1555 3125; x_wconf 85' lang='lat' dir='ltr'>Xysti</span> <span class='ocrx_word' id='word_1_440' title='bbox 1575 3063 1639 3109; x_wconf 90' lang='lat' dir='ltr'>V.</span> <span class='ocrx_word' id='word_1_441' title='bbox 1661 3059 1849 3106; x_wconf 89' lang='lat' dir='ltr'>Summi</span> <span class='ocrx_word' id='word_1_442' title='bbox 1866 3054 2109 3106; x_wconf 86' lang='lat' dir='ltr'>Pontificis</span> 
     </span>
     <span class='ocr_line' id='line_1_84' title="bbox 1119 3125 2134 3188; baseline -0.006 -6"><span class='ocrx_word' id='word_1_443' title='bbox 1119 3131 1302 3188; x_wconf 76' lang='lat' dir='ltr'>coaevi,</span> <span class='ocrx_word' id='word_1_444' title='bbox 1334 3126 1469 3177; x_wconf 91' lang='lat' dir='ltr'>nobis</span> <span class='ocrx_word' id='word_1_445' title='bbox 1499 3125 1805 3178; x_wconf 60' lang='lat' dir='ltr'>libentissime</span> <span class='ocrx_word' id='word_1_446' title='bbox 1835 3129 2105 3176; x_wconf 87' lang='lat' dir='ltr'>communi·</span> <span class='ocrx_word' id='word_1_447' title='bbox 2132 3142 2134 3145; x_wconf 86' lang='grc'><em>·</em></span> 
     </span>
     <span class='ocr_line' id='line_1_85' title="bbox 1115 3196 2105 3267; baseline -0.005 -16"><span class='ocrx_word' id='word_1_448' title='bbox 1115 3201 1264 3258; x_wconf 85' lang='lat' dir='ltr'>cavit,</span> <span class='ocrx_word' id='word_1_449' title='bbox 1289 3218 1314 3247; x_wconf 88' lang='lat' dir='ltr'>a</span> <span class='ocrx_word' id='word_1_450' title='bbox 1327 3216 1419 3264; x_wconf 91' lang='lat' dir='ltr'>quo</span> <span class='ocrx_word' id='word_1_451' title='bbox 1432 3198 1641 3267; x_wconf 88' lang='lat' dir='ltr'>plurima</span> <span class='ocrx_word' id='word_1_452' title='bbox 1657 3196 2105 3266; x_wconf 85' lang='lat' dir='ltr'>excerpfimus;qua-</span> 
     </span>
    </p>
   </div>
   <div class='ocr_carea' id='block_1_3' title="bbox 1114 3266 2104 3388">
    <p class='ocr_par' dir='ltr' id='par_1_7' title="bbox 1114 3266 2104 3388">
     <span class='ocr_line' id='line_1_86' title="bbox 1114 3266 2104 3388; baseline -0.009 -65"><span class='ocrx_word' id='word_1_453' title='bbox 1114 3290 1163 3323; x_wconf 85' lang='lat' dir='ltr'>re</span> <span class='ocrx_word' id='word_1_454' title='bbox 1178 3267 1406 3322; x_wconf 88' lang='lat' dir='ltr'>eumdem</span> <span class='ocrx_word' id='word_1_455' title='bbox 1422 3266 1479 3318; x_wconf 86' lang='lat' dir='ltr'>ab</span> <span class='ocrx_word' id='word_1_456' title='bbox 1497 3270 1774 3342; x_wconf 68' lang='lat' dir='ltr'>Alpharano</span> <span class='ocrx_word' id='word_1_457' title='bbox 1793 3267 2104 3388; x_wconf 49' lang='lat' dir='ltr'>observattciim</span> 
     </span>
     <span class='ocr_line' id='line_1_87' title="bbox 1970 3355 2101 3388; baseline -0.015 0"><span class='ocrx_word' id='word_1_458' title='bbox 1970 3355 2025 3388; x_wconf 91' lang='lat' dir='ltr'>or</span> <span class='ocrx_word' id='word_1_459' title='bbox 2061 3356 2101 3386; x_wconf 72' lang='grc' dir='ltr'>ι·-</span> 
     </span>
    </p>
   </div>
  </div>
 </body>
</html>
