2378 3674
469 242 491 289 Ι
528 244 576 291 iv*

140 310 423 379 aspicere-1113
447 318 762 378 iiiajffl'emque
783 311 1118 380 proculdubio,

140 381 247 431 cum
269 382 342 428 Te
365 378 541 427 summa
567 379 793 431 facilitate
815 382 1016 431 Codices
1042 383 1112 449 ip-

137 452 237 512 i'os,
255 464 354 507 tot,
376 465 565 517 tamque
600 451 796 501 diversis
832 452 1109 500 characieri-

140 522 223 570 bus
239 536 476 578 exaratos,
500 520 850 589 expeditissimi}
879 523 1114 590 legentem

140 591 356 655 audirem
382 627 392 638 .
432 589 648 640 profetis&
681 609 739 640 ex
774 593 857 639 hac
895 589 1118 658 singulari

137 662 407 713 eruditione
431 659 607 710 factum
626 675 758 727 puto,
775 674 828 708 ut
845 663 986 711 toties
1002 681 1024 708 a
1044 680 1118 710 me

140 737 187 781 in
210 732 346 782 rebus
381 729 536 779 dubiis
562 732 906 798 interrogatus,
941 730 994 780 eii
1013 728 1119 779 faci-

139 806 273 853 litate
304 798 627 868 responderis,
658 819 802 868 quam
845 801 1119 869 expeRarQ

140 871 479 922 tantummodo
501 868 736 939 possumus
769 869 826 918 ab
855 872 1046 920 homine
1074 873 1120 918 in

139 943 210 992 his
231 940 393 990 studiis
409 940 492 989 diu
507 977 523 999 ,
541 941 775 1008 nostrique
799 940 1000 990 versato.
1019 943 1119 989 Ne-

141 1031 233 1082 que
254 1010 371 1061 vero
389 1013 452 1059 ita
472 1009 731 1061 Codicibus
757 1029 901 1058 manu
922 1013 1121 1060 exaratis

140 1083 357 1133 addistus
372 1100 447 1142 es3
468 1094 521 1128 ut
538 1084 754 1149 vulgatos
770 1099 852 1149 per
880 1095 1024 1149 typos
1044 1100 1121 1130 ne-

140 1155 288 1223 gligas
310 1189 319 1198 .
340 1153 474 1219 Qin
492 1152 607 1208 imo,
624 1155 672 1202 ὃ(
695 1152 763 1199 his
778 1153 1123 1219 comparandis,

143 1221 376 1291 quantum
410 1219 626 1288 religiosa
650 1220 894 1290 disciplina
929 1224 1126 1289 permit-

143 1297 232 1355 rit,
265 1307 357 1340 non
392 1290 631 1340 modicam
664 1294 869 1361 pecuniae
891 1289 1125 1339 summam

144 1359 433 1431 impendisti,
448 1379 563 1428 quos
581 1365 744 1411 Romae
761 1362 1015 1430 diligenter
1027 1380 1123 1411 em-

147 1448 250 1503 ptos
276 1435 322 1480 in
337 1445 474 1480 tuum
495 1431 653 1482 nobile
674 1429 897 1482 Museum
927 1432 1123 1480 transtu-

147 1504 270 1564 listi;
304 1503 350 1549 in
386 1503 452 1550 his
484 1503 693 1568 quietem
714 1540 731 1561 ,
764 1504 812 1550 in
841 1504 910 1551 his
936 1502 1126 1552 delicias

145 1589 248 1624 tuas
273 1606 290 1629 ‚
340 1574 614 1640 Sapientum
649 1590 781 1622 more
810 1609 826 1629 ,
871 1591 1126 1640 reponens.

146 1647 279 1696 Hinc
305 1637 483 1692 faeiunn
504 1641 594 1700 est,
622 1657 675 1691 ut
693 1645 876 1692 nullum
898 1641 984 1691 tibi
1003 1660 1131 1690 acce-

148 1717 274 1785 ptius
291 1715 413 1780 grati
441 1714 586 1760 animi
622 1727 990 1762 monumentum
1013 1733 1038 1761 a
1063 1731 1138 1761 me

146 1785 236 1836 tibi
256 1780 413 1832 offerri
443 1780 567 1851 poffe
591 1784 878 1834 crediderim
899 1820 914 1841 ‚
950 1786 1132 1850 quanm

148 1856 419 1906 literarium
440 1854 631 1919 aliquod
652 1855 932 1921 opusculum
947 1875 960 1914 ;
978 1856 1026 1903 δε
1046 1855 1132 1902 hoc

151 1923 439 1996 praesertim,
470 1925 598 1989 quod
632 1944 656 1971 a
678 1926 749 1974 Te
784 1923 1141 1992 quodammodo

151 1993 415 2065 profeE'tum
431 2029 446 2051 ,
473 1998 574 2057 jure
596 1994 801 2061 quodam
822 1994 1139 2044 videturTibi

153 2065 455 2116 reddendum
473 2100 482 2111 .

300 2132 424 2184 Cum
445 2139 539 2197 jam
570 2137 816 2185 nonnullas
849 2155 971 2185 meas
1007 2138 1137 2183 lucu-

152 2203 388 2254 brationes
416 2223 524 2253 cum
560 2207 812 2275 epigraphe
842 2243 856 2264 ‚
896 2208 964 2256 De
990 2207 1138 2255 Sacris

154 2275 392 2343 AEdificiis
412 2278 738 2326 aconffmtino
754 2276 923 2345 Magno
943 2277 1136 2327 constru-

154 2346 238 2397 elis
265 2381 280 2402 ‚
317 2347 446 2410 typis
490 2344 820 2395 commisissem
851 2383 867 2404 ,
920 2346 1140 2413 ejusque:

154 2411 395 2464 occasione
430 2426 530 2462 toto
571 2417 829 2465 Terrarum
850 2416 983 2467 Orbe
1019 2417 1140 2464 ceie-

156 2484 411 2534 berrimam
455 2486 739 2535 Vaticanam
774 2484 1021 2535 Basilicam
1058 2486 1140 2535 de-

155 2550 426 2623 scripsissem
447 2590 463 2611 ,
503 2555 622 2603 illud
657 2558 780 2605 inter
811 2557 941 2622 plura
975 2571 1141 2604 notan-

162 2627 278 2674 dum
297 2625 431 2672 venit
447 2659 463 2681 ‚
500 2625 625 2691 quod
648 2625 786 2693 prisci
807 2627 990 2675 Fideles
1007 2626 1143 2675 flexis

157 2693 357 2764 genibus
394 2693 720 2744 venerabundi
770 2714 848 2763 per
881 2695 1054 2763 gradus
1086 2695 1143 2744 ad

158 2765 361 2815 eandem
381 2762 626 2814 ascendere
645 2765 979 2815 consueverint
993 2802 1003 2812 .
1035 2768 1144 2832 Qa

162 2837 290 2886 dere
311 2852 419 2882 cum
440 2834 748 2904 R.P.Joseplio
761 2837 916 2884 Maria
935 2835 1144 2884 Thoma-

162 2905 228 2956 sio
255 2904 542 2971 Presbytero
574 2907 968 2972 Congregationis
989 2907 1141 2954 Cleri-

165 2992 332 3026 corum
353 2976 668 3042 Regularium
683 2977 929 3024 communi
950 2977 1143 3035 Amico,

162 3061 477 3111 veterumque
500 3049 750 3095 Sacrorum
767 3047 970 3093 Rituum
997 3044 1140 3094 nostri

647 240 1174 293 sijitMoNfi
1243 243 1290 290 S.

1367 236 1797 287 LfioNis.
2052 253 2143 297 251

1169 312 1247 378 gni
1279 310 1336 357 de
1383 310 1651 355 Nativitate
1701 306 1896 353 Domini
1935 323 2144 355 vocem-

1171 381 1318 429 ARAE
1354 373 1733 425 animadvertisse
1754 411 1770 431 ,
1806 393 1946 441 quam
1966 393 2049 442 per
2071 395 2143 425 er-

1170 468 1328 498 rorem
1382 447 1444 495 ibi
1474 445 1673 515 positam
1720 443 1806 493 eise
1840 444 2145 494 autumabat.

1171 515 1499 584 Qiamobrem
1526 533 1638 564 meae
1665 533 1783 563 curae
1800 550 1816 570 ,
1854 531 2061 580 meaeque
2087 518 2150 563 in-

1171 589 1414 657 dagationi
1451 588 1578 634 illius
1608 584 1742 634 dubii
1765 583 2049 632 solutionem
2082 603 2151 635 re-

1172 658 1414 726 linquebat
1429 693 1439 702 .
1459 652 1783 705 Libentiffim&
1801 655 1960 701 Amici
1979 653 2150 704 instan-

1173 732 1249 777 tiis
1267 725 1460 792 obsequi
1484 722 1706 795 proposui
1734 746 1748 784 5
1786 738 2033 792 propterea
2060 728 2154 792 pri-

1173 797 1253 848 md
1287 797 1345 846 ad
1380 793 1620 864 impressos
1639 794 1974 862 perquirendos
2002 796 2151 843 Codi-

1173 888 1247 919 ces
1269 887 1341 917 me
1376 868 1620 915 converti.
1665 868 1769 913 Hos
1800 861 1833 911 fi
1855 862 1969 911 Tibi
1991 881 2156 914 omnes

1175 941 1468 993 recitavero,
1503 953 1700 1005 gravem
1723 950 1798 982 me
1827 930 2044 982 futurum
2068 938 2154 982 mi-

1175 1011 1300 1057 nime
1323 1007 1568 1076 puto,ci*im
1589 1006 1667 1053 Tu
1685 1007 1840 1053 literas
1856 1022 1996 1052 ames.
2015 1007 2156 1052 Anti-

1174 1075 1387 1146 quiffima
1408 1080 1554 1145 igitur
1569 1080 1848 1125 Sermonum
1868 1075 2021 1123 Sancii
2043 1075 2158 1124 [εο-

1181 1152 1248 1198 nis
1280 1146 1514 1215 impreffio
1545 1143 1663 1195 facia
1697 1145 1759 1194 est
1786 1146 2000 1193 Coloniae
2032 1162 2155 1193 anno

1190 1241 1207 1268 1
1222 1236 1279 1281 55
1296 1239 1335 1266 1.
1357 1220 1403 1264 in
1423 1217 1537 1265 folio
1555 1254 1570 1274 ‚
1607 1233 1706 1282 quae
1726 1216 1770 1261 in
1788 1213 1954 1262 eadem
1970 1215 2152 1263 Civita-

1180 1306 1227 1339 te
1244 1326 1259 1347 ,
1298 1286 1554 1353 eademque
1572 1282 1726 1333 formS.
1744 1302 1866 1332 anno
1891 1303 1908 1331 1
1922 1293 2037 1344 569.
2055 1301 2160 1352 pro-

1180 1361 1270 1409 diit
1299 1381 1313 1419 3
1358 1357 1528 1406 deinde
1561 1352 1769 1416 ejusdem
1808 1355 1964 1401 saneti
1994 1355 2163 1403 Leonis

1181 1434 1429 1479 Sermones
1448 1429 1495 1474 in
1515 1428 1673 1474 lucem
1689 1424 1880 1473 fuerunt
1903 1422 2050 1472 emissi
2067 1428 2163 1474 Ve-

1182 1501 1318 1549 netiis
1338 1516 1457 1546 anno
1490 1517 1507 1545 1
1522 1513 1544 1557 5
1557 1512 1635 1556 53.
1671 1497 1752 1561 qui
1772 1494 1942 1543 eadem
1973 1491 2128 1542 forma
2143 1531 2159 1553 ,

1184 1573 1231 1618 in
1253 1571 1418 1618 eadem
1436 1569 1649 1617 Civitate
1668 1582 1786 1613 anno
1810 1579 1954 1625 1573.
1990 1566 2164 1613 iterum

1192 1638 1408 1708 prodiere
1427 1674 1437 1684 .
1478 1636 1663 1686 Deinde
1696 1653 1814 1683 anno
1845 1642 1990 1694 1566.
2011 1634 2165 1682 Lova-

1191 1711 1255 1758 nii
1274 1709 1421 1758 iidem
1441 1709 1686 1755 Sermones
1717 1703 1833 1753 editi
1860 1701 2055 1752 fuerunt
2079 1706 2167 1753 in„

1187 1794 1352 1848 quarto
1382 1801 1398 1839 5
1447 1778 1496 1827 ἃ
1548 1775 1702 1844 postea
1733 1775 2012 1841 Antverpiae
2043 1793 2165 1824 anno

1201 1871 1218 1899 1
1234 1855 1345 1911 583.
1370 1846 1515 1896 recuii
1535 1846 1750 1895 {imiliter
1769 1846 1815 1891 in
1834 1859 2001 1910 quai-to
2019 1880 2029 1889 .
2066 1849 2169 1892 An-

1194 1939 1255 1968 no
1289 1916 1403 1968 vero
1445 1927 1590 1975 1633.
1619 1917 1779 1964 omnia
1812 1915 1968 1963 Sansti
2000 1915 2171 1968 Leonis

1196 1994 1356 2058 Opera
1385 2006 1440 2036 ex
1463 1983 1849 2054 Lugdunensibus
1868 1987 2000 2051 typis
2022 1987 2069 2031 in
2096 1987 2171 2033 lu-

1194 2078 1299 2109 cem
1323 2054 1481 2106 emiffa
1502 2055 1607 2104 sunt
1623 2091 1638 2113 ‚
1675 2073 1774 2121 quae
1798 2056 1887 2102 una
1919 2071 2028 2102 cum
2064 2057 2173 2102 San-

1193 2132 1268 2179 ἑὶο
1289 2129 1541 2183 Maximo,
1577 2144 1629 2172 ac
1649 2126 1853 2189 quinque
1891 2125 1994 2171 aliis
2027 2125 2174 2171 Patri-

1195 2201 1278 2248 bus
1297 2216 1415 2247 anno
1447 2206 1594 2256 1652.
1628 2193 1807 2241 ibidem
1829 2190 2020 2241 fuerunt
2049 2195 2174 2260 pari-

1190 2285 1260 2319 ter
1282 2267 1672 2317 1·ecusa.Demum
1689 2260 1868 2310 Parisiis
1882 2280 2000 2311 anno
2024 2273 2170 2323 1675.

1192 2340 1248 2389 ab
1268 2335 1592 2387 Eruditiffimo
1614 2336 1735 2384 Viro
1770 2330 2002 2380 Paschalio
2021 2331 2174 2400 Qes-

1192 2411 1338 2459 nellio
1356 2404 2044 2474 PresbyteroCongregationis
2058 2407 2176 2453 Ora-

1194 2482 1305 2529 torii
1327 2516 1342 2537 ,
1379 2473 1715 2546 appendicibus
1729 2509 1745 2531 ,
1761 2471 2176 2531 dissertationibus,

1195 2544 1695 2612 observationibusque
1713 2542 1970 2600 illustrata,
2008 2562 2032 2591 e
2059 2561 2172 2611 prae-

1197 2625 1244 2670 lo
1274 2621 1488 2668 exierunt
1523 2654 1533 2664 .
1585 2619 1766 2666 Omnes
1797 2614 1874 2660 has
1909 2613 2173 2671 editiones,

1194 2710 1295 2758 quae
1312 2689 1370 2738 ad
1387 2707 1508 2737 meas
1527 2683 1784 2753 pervenere
1803 2700 1966 2731 manus
1982 2719 1997 2739 ,
2033 2701 2170 2731 accu-

1196 2760 1295 2808 rata
1328 2759 1420 2826 legi
1443 2756 1702 2804 attentione
1721 2789 1736 2811 ,
1772 2750 2027 2818 omnesque
2054 2755 2100 2799 in
2131 2751 2176 2801 se

1197 2847 1368 2878 vocem
1386 2828 1533 2874 ARAE
1549 2826 1792 2874 continere
1808 2824 2174 2890 comperLQa·

1195 2918 1245 2948 re
1276 2898 1332 2946 ad
1362 2893 1646 2965 indagandos
1666 2890 2006 2960 manuscriptos
2026 2893 2174 2943 Codi-

1195 2988 1267 3018 ces
1287 2968 1439 3016 statim
1458 2968 1669 3013 animum
1691 2963 1855 3011 addixi
1875 2984 1890 3024 3
1927 2976 2175 3030 propterea

1194 3041 1478 3090 Vaticanam
1509 3035 1641 3083 adivi
1664 3032 2009 3082 Bibliothecam
2031 3069 2048 3091 ,
2087 3034 2173 3081 ἰπὶ.»

165 3118 254 3164 aevi
273 3116 447 3164 eximio
469 3114 810 3184 perscrutatore
828 3154 844 3175 ,
881 3114 989 3163 cum
1015 3112 1136 3163 forte
1188 3129 1310 3177 qua,
1336 3106 1444 3156 cum
1457 3102 1781 3171 manuscriptis
1808 3102 2014 3151 abundet
2030 3103 2173 3153 Codi-

164 3186 531 3235 collocutionem
560 3184 782 3234 haberem
800 3223 813 3244 ‚
853 3186 975 3234 dixit
992 3186 1142 3243 mihi,
1198 3179 1359 3235 cibus,
1396 3190 1587 3256 propter
1612 3171 1997 3223 necessitudinem
2023 3212 2038 3235 ‚
2073 3191 2174 3240 quae

162 3253 208 3304 se
233 3256 521 3375 issSei-rrqone
542 3257 822 3309 VII-Sanffi
844 3256 1011 3305 Leonis
1040 3258 1145 3306 Ma-

275 3342 333 3372 JV·
378 3355 397 3374 s.
438 3362 452 3371 .-

1201 3264 1313 3298 tunc
1330 3262 1558 3316 temporis
1580 3262 1690 3294 cum
1718 3241 1970 3293 clariffimo
1983 3245 2171 3292 Emma-

1626 3316 1682 3364 Ii
1724 3332 1749 3363 2
2034 3313 2171 3361 nuele
