2378 3674
765 292 804 340 C
869 293 915 341 A

177 369 287 411 161.
326 360 405 408 Ab
441 361 527 408 hoc
550 357 718 408 sacello
739 359 865 409 aliud
886 361 1074 429 peteba-

101 444 179 477 tur
193 467 209 489 ,
227 447 334 478 cum
351 449 427 478 ara
444 468 460 488 ,
477 436 605 493 cujus
623 448 815 490 nomen,
829 432 878 481 &
893 433 1073 481 Auctor

97 498 285 568 prorsus
309 500 459 549 latent
475 538 484 547 .

171 576 282 619 162.
309 579 418 628 163.
455 573 565 619 Hoc
583 568 851 637 excipiebat
867 573 1070 621 alterum

96 641 142 686 in
161 641 413 690 Orientem
432 638 582 688 simile
601 638 936 707 superioribus,
950 643 1074 691 unde

93 711 249 757 aditus
267 711 582 776 inTemplum
593 711 762 758 Matris
778 708 1072 778 Defim,post-

92 779 292 828 modum
313 784 356 827 S.
373 780 538 827 Maria?
566 779 623 826 de
650 778 875 827 Febribus
892 799 1071 829 nuncu-

93 864 274 917 patum.
297 851 407 896 Hoc
423 848 554 895 aditu
573 848 811 898 mediante
831 851 956 899 dicta
976 852 1071 900 duo

92 920 297 984 Templa
316 915 956 987 connectebar}tur,ejusquepa
970 919 1071 969 fini-

90 989 190 1037 stris
209 990 331 1036 inter
349 992 545 1044 Ortum,
560 989 608 1037 ἃ
628 991 827 1038 Boream
846 993 968 1038 intra
983 993 1068 1039 Ec-

89 1056 279 1107 clefiam
310 1061 353 1105 S.
375 1059 639 1107 Petronillae
668 1096 684 1116 ,
721 1057 927 1108 absidula
956 1079 1065 1109 cum

90 1130 251 1176 Altari
281 1126 650 1195 conspiciebatur
674 1165 689 1186 ‚
726 1134 857 1191 cujus
889 1149 1066 1180 nomen

89 1201 309 1267 ignotum
327 1197 393 1245 est
411 1234 421 1244 .
460 1196 546 1245 Ast
565 1212 662 1246 tota
690 1198 891 1247 Ecclefia
912 1204 960 1248 B.
983 1203 1065 1250 Pe-

89 1269 289 1316 tronillae
311 1265 409 1315 solo
429 1281 603 1332 aequata
619 1305 634 1326 ‚
674 1270 719 1315 in
735 1287 857 1317 nova
876 1269 1067 1318 Basilica

86 1337 263 1385 inclusa
283 1335 378 1385 fuit
396 1373 411 1394 ,
448 1335 793 1405 fornicibusque
815 1341 1064 1407 pavimen-

88 1422 191 1455 tum
237 1405 450 1472 ejusdem
489 1406 692 1456 Bafilicae
738 1407 1066 1459 sustinentibus

88 1492 432 1534 concamerata,
446 1477 495 1526 ὃς
510 1476 900 1527 Christifidelium
918 1480 1067 1548 sepul-

15 1549 18 1552 ’
86 1551 207 1597 chris
229 1544 537 1600 addicimUbi
554 1549 669 1596 vero
682 1549 953 1616 praedi&um
973 1552 1065 1598 eri-

86 1618 286 1687 gebatur
313 1616 560 1675 sacellum,
590 1614 889 1685 sepulchrum
915 1637 1067 1688 reper-

86 1703 190 1736 tum
205 1686 323 1746 fuit,
355 1691 400 1735 in
427 1705 518 1752 quo
540 1689 655 1755 pene
675 1690 914 1738 innumera
932 1691 1064 1738 Fide-

83 1760 204 1806 lium
248 1760 478 1805 cadavera
509 1792 525 1813 ,
573 1775 596 1804 e
628 1756 828 1806 Bafilicae
865 1762 1062 1825 antiquae

82 1829 281 1885 loculis,
327 1830 376 1878 &
409 1844 467 1875 ex
497 1823 713 1876 Ecclefiis
741 1826 1061 1891 adjacentibus

83 1912 217 1945 eruta
237 1934 252 1954 ,
290 1897 478 1946 condita
496 1893 625 1946 fuere
641 1934 651 1944 .

157 1975 268 2030 164.
315 1976 426 2028 165.
457 1971 511 2014 In
530 1968 690 2015 medio
712 1981 869 2016 autem
890 1970 1055 2038 praedi-

78 2038 143 2086 &i
166 2037 316 2086 aditus
340 2073 354 2094 ‚
374 2036 468 2085 five
488 2035 703 2086 transitus
724 2039 770 2084 in
790 2041 1058 2097 Orientem,

79 2125 156 2154 ara
177 2111 218 2155 S.
230 2109 426 2176 Joannis
440 2108 579 2174 Chry
588 2105 771 2155 sostomi
791 2108 1030 2157 visebatur
1042 2146 1057 2169 ,

76 2192 277 2244 quatuor
304 2178 533 2226 columnis
551 2179 901 2245 porphyreticis
918 2177 1057 2238 fulta,

78 2247 321 2315 nobilique
339 2264 605 2296 marmoreo
628 2250 835 2315 tegmine
860 2269 1055 2317 cooper-

79 2330 128 2363 ta
145 2353 155 2362 .
189 2318 283 2365 Sub
313 2321 394 2366 hac
414 2316 624 2379 ejusdem
658 2321 904 2387 §.joannis
927 2325 1055 2369 Con-

79 2385 380 2453 stantinopoli
409 2390 688 2436 translatum
719 2407 885 2456 corpus
908 2391 1057 2438 maxi-

80 2455 161 2502 mzi
180 2458 341 2523 populi
361 2491 376 2512 ,
412 2458 460 2506 &
488 2460 715 2525 praecipu&
752 2456 1056 2508 foeminarum

76 2522 345 2590 frequentia¹
364 2526 631 2587 colebatur;
650 2529 942 2596 augebatque
959 2536 1054 2593 ejus

79 2597 432 2643 venerationem
451 2598 564 2663 lapis
595 2599 787 2663 quidam
807 2601 1054 2666 AEgyptia-

76 2683 185 2721 cus,
217 2664 352 2731 supra
372 2683 512 2730 quem
536 2669 851 2733 plurimorum
873 2671 1058 2718 SancIo-

77 2753 186 2782 rum
209 2738 488 2800 Martyrum
505 2754 700 2803 corpora
723 2739 929 2785 cruciata
954 2739 1056 2787 fue*-

78 2823 156 2861 re,
173 2803 231 2852 de
248 2823 341 2871 quo
355 2806 497 2851 etiam
519 2804 722 2853 diximus
742 2805 875 2873 supra
894 2805 990 2855 sub.
1012 2828 1055 2856 n.

77 2895 109 2936 9
121 2895 138 2922 1
150 2874 311 2922 Porro
328 2875 442 2941 lapis
459 2873 552 2939 ipse
568 2876 738 2922 exinde
756 2877 801 2922 in
815 2873 1055 2926 Basilicam

77 2946 321 2992 translatus
342 2941 433 2991 fuit
446 2979 462 3000 ‚
492 2946 542 2994 ἃ
575 2962 719 3011 prope
735 2959 919 3010 portam
937 2950 1054 2995 Gui-

79 3015 282 3063 doneam
299 3017 506 3074 locatus3
533 3033 700 3081 corpus
721 3013 834 3061 vero
857 3018 1055 3083 S.Joan-

987 291 1264 343 PUT

1384 290 1415 340 Ῑ
1446 293 1497 342 V-
2038 302 2102 357 89

1118 378 1225 427 quae
1256 359 1362 408 inde
1393 362 1533 429 prope*
1553 362 1830 413 Oratorium
1848 365 1891 409 S.
1912 367 2095 434 Grego-

1123 433 1213 488 rii,
1240 431 1289 479 &
1308 432 1620 480 Secretarium
1636 470 1652 491 ,
1686 430 1860 480 ultimo
1879 434 1936 482 ad
1964 437 2096 484 nobi-

1125 501 1242 548 liora
1264 498 1412 552 Urbis
1439 501 1655 552 coenobia
1686 504 1913 551 translatae
1933 501 2062 556 fuere
2087 544 2096 554 .

1267 641 1680 691 SECTIO
1772 644 1961 693 XIII.

1160 781 1227 830 Dc
1260 784 1319 828 iis
1335 816 1350 837 ,
1385 800 1469 849 quae
1497 788 1546 831 in
1577 781 1752 847 Templo
1772 784 1818 832 S.
1837 782 1998 834 Mariae
2013 785 2065 834 de

1315 850 1519 902 febribus
1547 855 1648 901 olim
1673 852 1896 905 extabant.

1264 993 1337 1041 Oc
1367 993 1412 1038 S.
1429 992 1592 1040 Mariae
1609 991 1666 1040 de
1684 992 1914 1042 Febribus
1944 994 2096 1043 Tem-

1281 1061 1433 1127 plum,
1455 1060 1608 1110 fimile
1627 1063 1824 1111 omnino
1846 1078 1945 1112 erat
1961 1067 2099 1112 alteri

1121 1131 1163 1174 S.
1195 1129 1458 1178 Petronillae
1494 1130 1631 1197 supra
1670 1132 1903 1201 descripto
1935 1156 1951 1195 3
2003 1141 2099 1197 ejus

1118 1194 1271 1244 forma
1287 1200 1599 1266 octangularis
1613 1236 1630 1257 ,
1663 1220 1714 1249 ac
1732 1203 1933 1251 rotunda
1946 1240 1963 1260 ‚
1993 1206 2098 1251 lati-

1119 1266 1235 1314 tudo
1256 1303 1273 1325 ,
1325 1288 1377 1316 ac
1410 1271 1660 1335 longitudo
1692 1288 1775 1336 per
1806 1273 2097 1321 diametrum

1119 1337 1387 1404 palmorum
1403 1356 1482 1398 75.
1500 1337 1789 1405 habebatque
1803 1343 1849 1387 in
1861 1343 2097 1408 parietum

1120 1403 1318 1455 craffitie
1342 1409 1451 1457 oc’to
1474 1405 1670 1466 sacella,
1700 1408 1879 1478 lingula
1905 1409 2097 1478 singulis

1120 1478 1168 1523 in
1184 1479 1363 1544 angulis
1379 1515 1389 1525 .
1421 1478 1596 1526 Adhuc
1614 1480 1851 1546 integrum
1867 1481 1915 1527 in
1937 1479 2095 1529 Bafili-

1119 1565 1181 1594 cae
1220 1550 1485 1596 Sacrarium
1525 1552 1805 1599 conversum
1853 1553 2060 1598 cernitur
2083 1588 2094 1598 .

1119 1619 1228 1664 Duo
1250 1618 1344 1665 haec
1365 1620 1584 1666 maximae
1615 1620 1858 1669 vetustatis
1895 1621 2097 1688 Templa

1117 1688 1404 1748 conjunctim
1439 1690 1684 1745 extructa,
1715 1704 1853 1758 atque
1882 1708 1965 1757 per
1984 1709 2096 1739 eum

1115 1755 1299 1804 aditum
1315 1794 1331 1815 ,
1350 1755 1446 1807 five
1464 1757 1708 1806 transitum
1725 1796 1740 1817 ,
1768 1777 1908 1827 quem
1928 1759 2098 1810 descri-

1114 1824 1316 1893 pfimus‚
1352 1846 1558 1878 connexa
1574 1865 1590 1885 ‚
1625 1848 1649 1875 a
1663 1848 1757 1896 quo
1775 1831 1975 1879 excitata
1992 1828 2096 1879 fue-

1113 1898 1225 1950 rint,
1240 1899 1484 1964 ignoratur
1499 1937 1510 1947 .
1530 1898 1803 1948 Verisimile
1824 1916 1981 1948 tamen
2003 1899 2097 1958 est,

1112 1967 1421 2014 Ethnicorum
1454 1986 1571 2036 opus
1589 1965 1737 2025 fuiffe,
1753 1973 1833 2036 qui
1861 1970 1909 2015 in
1935 1972 2095 2018 medio

1111 2037 1240 2083 Circi
1262 2037 1509 2105 erigebant
1541 2038 1746 2106 Templa
1762 2076 1778 2096 ‚
1809 2037 1916 2087 cum
1933 2040 2026 2087 haec
2047 2041 2095 2087 in

1111 2106 1271 2154 medio
1306 2111 1436 2156 Circi
1463 2110 1570 2157 Caii
1601 2111 1805 2157 Neronis
1839 2110 2095 2157 extructa-2

1110 2171 1251 2223 elsent
1273 2212 1289 2233 ‚
1336 2179 1386 2226 &
1418 2183 1653 2240 majorum
1683 2178 1936 2226 traditione
1968 2198 2094 2227 acce-

1112 2259 1247 2312 ptum
1266 2243 1323 2292 fit
1336 2282 1352 2303 ‚
1371 2265 1519 2294 unum
1533 2265 1591 2296 ex
1611 2247 1680 2295 his
1696 2284 1712 2304 ,
1747 2248 1876 2315 quod
1890 2265 2012 2295 nunc
2032 2250 2095 2297 est

1111 2318 1154 2362 S.
1178 2316 1438 2364 Petronillae
1471 2351 1487 2373 ,
1537 2319 1805 2384 Apollinis,
1854 2316 1950 2366 five
1977 2321 2095 2367 Solis

1110 2385 1372 2453 Templum
1390 2383 1749 2446 fuiffejalterum
1767 2388 1901 2443 vero,
1922 2390 2094 2455 nempe

1110 2458 1323 2504 S.Mariae
1337 2455 1912 2525 deFebribus,Ten]plum
1927 2460 2098 2507 Matris

1110 2523 1267 2574 Deum
1294 2562 1309 2583 ,
1363 2527 1422 2575 de
1452 2545 1545 2593 quo
1566 2523 1861 2576 differuimus
1884 2524 2020 2593 supra
2048 2530 2094 2575 in

1111 2598 1371 2663 principio,
1407 2598 1457 2647 &
1482 2615 1612 2645 num.
1646 2606 1759 2646 162.
1781 2594 1934 2647 Modo
1960 2597 2094 2657 hujus

1111 2667 1306 2734 Templi
1324 2665 1695 2734 descriptionem
1723 2664 2058 2734 aggrediamur
2080 2703 2090 2714 .

1151 2758 1158 2764 ²
1187 2736 1298 2787 166.
1324 2745 1434 2796 16⁴7.
1468 2741 1515 2784 A
1534 2735 1707 2783 dextris
1725 2738 1869 2802 igitur
1899 2731 2093 2794 sacelli,

1111 2824 1191 2874 per
1209 2807 1337 2871 quod
1357 2810 1404 2853 in
1422 2806 1682 2870 Templum
1700 2808 1854 2854 aditus
1876 2818 1977 2852 erat
1992 2840 2008 2861 ,
2025 2803 2094 2853 se·-

1108 2875 1340 2941 quebatur
1375 2873 1505 2920 aliud
1521 2890 1631 2920 cum
1650 2875 1784 2921 altari
1806 2911 1822 2932 ,
1864 2877 1985 2922 inter
2001 2878 2093 2925 Oc-

1108 2942 1264 2992 casum
1277 2978 1292 3000 ,
1321 2944 1370 2991 &
1388 2940 1619 2990 Austrum
1636 2940 1777 2991 fitum
1790 2980 1807 3002 ,
1832 2943 1912 2994 sed
1931 2947 2007 2992 cui
2024 2944 2088 2993 sa-

1110 3031 1245 3062 crum
1264 3007 1389 3068 esset,
1403 3014 1521 3060 olim
1541 3030 1728 3080 quoque
1749 3011 2056 3083 ignorabatur
2075 3052 2087 3062 .

1188 3086 1297 3130 168.
1325 3085 1477 3150 Juxta
1488 3083 1577 3130 hoc
1590 3084 1720 3132 aliud
1736 3087 1910 3152 pariter
1928 3086 1976 3130 in
1993 3087 2088 3132 Au-

77 3086 146 3131 nis
163 3082 492 3152 Chrysostomi
518 3086 638 3131 intra
658 3085 919 3151 Templum
945 3090 1056 3134 San-

76 3151 158 3200 &ae
177 3157 345 3203 Mariae
378 3152 435 3201 de
455 3153 678 3203 Febr-ibus
698 3191 708 3200 .
752 3156 885 3203 Hinc
910 3156 1052 3207 inde,
1106 3152 1251 3199 strum
1270 3153 1346 3197 SS.
1368 3151 1640 3212 Lamberto,
1659 3156 1709 3204 ὃς
1727 3156 1945 3204 Servatio
1968 3155 2080 3222 Epi-

73 3223 216 3271 etiam
228 3225 335 3272 huic
351 3223 652 3282 aditui,e:·ant
668 3225 1048 3275 aulaeSanRimo-
1102 3220 1250 3289 scopis
1277 3235 1375 3269 erat
1404 3222 1679 3272 dedicatum
1700 3262 1716 3282 ,
1754 3244 1806 3273 ac
1830 3244 1854 3272 a
1870 3227 2081 3293 Georgio

74 3291 270 3339 nialium
284 3329 298 3349 ,
335 3294 481 3361 vulgo
500 3298 538 3345 le
557 3294 734 3346 Murate
749 3296 799 3346 di
811 3297 856 3345 S.
877 3296 1045 3355 Pietro,
1099 3292 1157 3341 de
1177 3288 1420 3342 Caesarinis
1439 3291 1642 3343 Bafilicae
1663 3297 1906 3345 Vaticanae
1923 3298 2081 3343 Cano-

144 3361 348 3412 ParJIL
1588 3369 1646 3413 M
1943 3367 2051 3412 nico
2064 3402 2079 3422 ³
