2378 3674
255 223 349 254 XXX

772 1047 862 1106 N,
900 1046 1090 1098 Amice
1139 1042 1335 1096 Lector
1357 1081 1371 1101 ,
1411 1044 1504 1115 qui
1535 1040 1802 1113 primitias
1837 1040 2033 1109 ingenii
2069 1041 2176 1095 mei
2210 1041 2267 1093 in

582 1123 735 1201 xr-Css}
797 1125 971 1194 prima
1016 1123 1280 1175 Veterum
1322 1121 1791 1173 Monimentorum
1839 1119 1994 1173 Parte
2038 1157 2053 1178 ,
2095 1118 2272 1171 multi-

504 1204 737 1268 §gxi
798 1202 920 1272 plici
959 1199 1296 1269 benignitatis
1339 1212 1661 1265 argumento
1706 1197 2010 1252 humaniter
2053 1197 2266 1267 excepi-

710 1309 736 1324 «
800 1279 894 1336 sti,
931 1278 1309 1351 qualiscunque
1349 1275 1440 1329 ista
1471 1273 1569 1334 fit,
1592 1272 1703 1345 post
1731 1272 1930 1344 septem
1970 1290 2271 1329 annorum„

670 1345 700 1377 Ψ
799 1356 1060 1427 spatium,
1097 1352 1386 1408 eorundem
1417 1354 1545 1407 Pars
1585 1352 1752 1405 altera
1776 1389 1790 1408 ,
1818 1368 1918 1404 non
1953 1352 2123 1407 laudis
2159 1369 2277 1405 am·

737 1510 741 1516 ’
801 1515 976 1566 mitias
1014 1510 1233 1584 quidem
1273 1526 1534 1564 noveram
1562 1547 1576 1567 ,
1617 1524 1720 1559 non
1758 1508 1967 1562 tantum
1999 1511 2120 1563 Deo
2149 1546 2166 1571 ,
2212 1519 2273 1560 ut

268 1584 522 1642 munifico
565 1591 809 1644 omnium
842 1590 1117 1660 Largitori
1143 1628 1157 1647 ‚
1200 1588 1389 1642 verum
1421 1588 1580 1641 etiam
1602 1585 1904 1640 hominibus
1926 1626 1940 1646 ‚
1962 1588 2038 1641 rei
2055 1584 2273 1641 fortasse

271 1665 503 1718 novitate
537 1669 800 1734 gratiores
826 1668 921 1721 effe
945 1709 956 1720 .
1003 1666 1103 1720 Sed
1128 1684 1251 1720 cum
1272 1666 1480 1719 lecs'tioni
1517 1679 1771 1720 vacarem
1791 1702 1805 1723 ,
1838 1666 2002 1719 animi
2036 1664 2277 1719 relaxan-

270 1741 325 1794 di
349 1740 536 1802 causa,
575 1747 819 1799 continua
844 1763 1099 1799 curarum
1116 1783 1130 1802 ,
1157 1745 1210 1796 &
1245 1742 1547 1796 officiorum
1576 1743 1922 1810 occupatione
1943 1742 2139 1797 detenti
2164 1781 2179 1802 ,
2221 1742 2277 1795 &

270 1821 426 1888 genio
456 1838 585 1890 erga
620 1822 827 1877 erudita
858 1823 1120 1892 dogmata
1156 1818 1466 1889 indulgendi
1498 1857 1514 1878 ,
1554 1817 1780 1871 fortuito
1824 1817 2027 1875 factum
2068 1819 2176 1880 est,
2216 1833 2278 1872 ut

271 1897 359 1951 hae
395 1897 793 1955 lucubrationes
826 1920 961 1955 meae
998 1902 1049 1954 in
1081 1899 1333 1952 volumen
1369 1897 1623 1951 abierint.
1663 1894 1926 1967 Qamvis
1966 1899 2278 1969 inopinato,

273 1972 459 2029 sensim
488 1994 630 2048 opus·
660 1980 982 2034 incrementa
1022 1979 1280 2050 reciperet
1304 2015 1318 2035 ,
1356 1974 1696 2027 nihilominus
1728 1972 2141 2046 obstrepentibus
2185 1991 2281 2047 per

274 2066 447 2106 totam
488 2056 763 2128 Europam
803 2057 1079 2112 Bellorum
1130 2055 1447 2109 tumultibus
1478 2092 1491 2112 ,
1529 2051 1808 2106 literarum
1851 2055 2280 2108 commercium-0

273 2131 679 2200 prohibentibus
704 2171 722 2194 ‚
758 2135 811 2186 δε
851 2133 1211 2187 deficientibus
1241 2133 1386 2185 aetati
1416 2149 1550 2184 meae
1582 2132 1693 2199 jam
1721 2129 2104 2200 ingravescenti
2145 2132 2281 2190 viri·

273 2209 370 2262 bus
413 2246 429 2268 ,
466 2210 728 2264 Editionis
774 2227 1029 2264 eventum
1072 2214 1184 2280 jam
1229 2207 1572 2281 desperabam
1611 2227 1626 2260 z
1681 2207 1879 2263 Literae
1920 2211 2060 2264 enim
2114 2224 2280 2263 mutae
2358 2219 2359 2222 ’

275 2282 410 2338 fiunt
440 2287 527 2339 ubi
562 2286 870 2359 obstrepunt
913 2305 1066 2343 arma
1105 2328 1119 2348 ,
1163 2286 1422 2360 satiusque
1463 2284 1532 2339 est
1573 2284 1888 2341 abscondere
1937 2288 2128 2341 mentis
2164 2304 2284 2359 par-

274 2376 358 2416 tus
380 2400 396 2423 ,
432 2366 599 2437 quam
635 2368 687 2418 in
720 2366 893 2419 lucem
931 2366 1169 2438 proferre
1209 2387 1219 2419 ε
1263 2365 1544 2420 Censorius
1581 2364 1722 2417 enim
1758 2364 1968 2433 gladius
2005 2365 2283 2438 apparenti
2356 2407 2357 2412 ,

275 2454 550 2511 praetextu
576 2480 592 2501 ,
619 2443 767 2516 quod
805 2445 1176 2515 importunum
1208 2443 1278 2497 est
1312 2440 1630 2511 transfigere
1660 2459 1761 2494 non
1800 2442 2062 2497 desisteret
2088 2482 2098 2494 .
2136 2445 2283 2499 Cum

277 2519 605 2589 experientia
650 2522 867 2574 interim
908 2521 1348 2576 demonstraverit
1373 2560 1387 2581 ,
1409 2519 1588 2573 iisdem
1631 2520 1683 2572 in
1715 2519 1951 2584 CastriS,
1985 2538 2147 2595 atque
2178 2523 2281 2575 Re-

278 2596 527 2664 gionibus
553 2637 567 2656 ,
611 2598 952 2653 laudabiliter
986 2599 1253 2671 praeclaris
1292 2598 1525 2667 insigniri
1554 2597 1876 2653 facinoribus
1913 2600 1966 2652 &
1992 2596 2282 2658 StudiosOS,

279 2675 335 2726 ὃς
364 2674 567 2729 Milites
591 2715 606 2735 ,
644 2693 707 2729 ac
756 2678 1153 2731 contubernales
1187 2677 1318 2736 effe,
1360 2689 1418 2730 ut
1454 2675 1775 2730 confirmant
1805 2680 1929 2732 novi
1965 2678 2192 2733 Codices
2235 2678 2286 2728 in

277 2751 387 2804 dies
434 2751 558 2806 editi
587 2755 637 2807 in
673 2756 960 2828 praecipuis
995 2755 1224 2825 Europae
1268 2755 1561 2809 Provinciis
1585 2794 1600 2814 ,
1648 2771 1784 2808 nunc
1822 2773 1974 2809 arma
2009 2754 2288 2809 tradianti-

278 2830 375 2882 bus
399 2865 414 2891 ,
450 2833 863 2902 omnigenarum
886 2836 1155 2886 virtutum
1188 2833 1579 2902 cognitionibus
1604 2832 1813 2893 referti3
1855 2835 1908 2886 δε
1929 2834 2287 2905 comprobant

280 2907 652 2964 Literatorum
681 2911 1065 2983 Ephemerides
1093 2950 1106 2970 ,
1150 2911 1429 2965 Literariae
1463 2912 1796 2983 Reipublicae
1834 2913 2039 2963 mirum
2077 2913 2128 2964 in
2175 2927 2288 2963 mo-
2349 2979 2350 2983 Ἰ

279 2983 411 3038 dum
430 2985 683 3056 proficuae
707 3029 723 3048 ,
751 2992 804 3043 in
824 2991 1017 3062 quibus
1044 3005 1166 3041 cum
1193 2990 1452 3044 brevitate
1473 2989 1689 3064 quidem
1714 3028 1729 3048 ,
1760 3003 1813 3042 at
1836 3006 1959 3041 cum
1977 2990 2122 3042 omni
2146 2987 2291 3041 sedu-

279 3063 428 3118 litate
448 3102 464 3126 ,
490 3066 543 3118 ὅ(
574 3068 817 3138 Operum
843 3081 1161 3137 argumenta
1189 3105 1204 3126 ,
1229 3068 1280 3119 &a
1307 3069 1662 3140 Operantium
1686 3069 1924 3121 encomia
1949 3067 2291 3140 promulgati·
2348 3096 2349 3100 =

278 3154 401 3196 tur:
442 3159 774 3217 quapropter
814 3145 1142 3201 Auctoribus
1168 3143 1286 3217 ipfis
1325 3147 1375 3201 in
1397 3148 1615 3201 virtutis
1645 3144 2032 3215 hyppodromo
2064 3146 2133 3199 ad
2163 3143 2288 3198 ulte-

2179 3239 2287 3276 rius
