2378 3674
252 273 366 385 Ξῖ).
386 339 516 368 num.
549 334 592 376 3.
612 318 660 367 ἃ
679 336 725 380 4.
756 318 1015 383 allegatum
1042 350 1057 372 ‚
1094 315 1151 362 de
1172 316 1238 361 le-

246 392 382 461 gibus
396 389 453 437 ab
472 391 559 437 hoc
572 388 787 453 Principe
802 386 1238 452 promulgatis,un

250 459 567 512 Christianam
597 459 823 523 pietatem
854 453 1062 523 spirant.
1105 458 1235 502 Nam

252 533 471 579 Exoletos
509 532 529 583 (
562 523 943 594 turpiffimorum
966 561 980 583 ,
1018 543 1070 571 ac
1100 524 1236 591 fiagi-

250 599 482 649 tiosorum
511 598 762 645 hominum
792 606 976 664 genus)
1016 594 1235 650 sustulit,

250 667 494 733 Poetisque
516 670 769 736 juvenum
806 668 987 714 animos
1016 663 1097 712 sua
1136 679 1235 712 arte

250 735 665 806 corrumpentibus
708 738 898 803 antiqua
942 737 1238 804 privilegia„

253 809 459 857 ademit.

318 880 587 946 Septimum
603 891 936 946 argumentum
955 893 1009 923 ex
1025 873 1231 943 ipsismet

249 951 327 1016 qui
349 950 632 997 contrariam
650 962 844 996 tuentur
874 944 1197 994 sentcntianh
1217 981 1231 1002 ‚

250 1018 447 1069 desumo
469 1055 483 1075 ,
528 1017 705 1065 scilicet
734 1015 897 1064 ambos
917 1020 1233 1083 Imperatores

251 1088 353 1159 post
384 1106 550 1138 eorum
589 1101 794 1136 mortem
827 1090 951 1135 inter
971 1089 1123 1135 Divos
1153 1086 1232 1133 ad-

252 1157 445 1226 scriptos
467 1154 598 1206 fuisse
624 1195 640 1216 ,
693 1159 769 1205 cui
804 1159 1019 1225 opinioni
1041 1155 1232 1225 respon-

253 1232 368 1280 deo:
409 1232 658 1279 Honorem
675 1231 827 1286 hunc,
846 1247 903 1277 ex
926 1227 1136 1285 Senatus,
1154 1229 1236 1274 Po-

252 1302 445 1370 pulique
466 1300 659 1348 decreto
677 1335 692 1356 ,
729 1317 821 1346 non
853 1312 1014 1346 autem
1049 1299 1105 1346 de
1128 1299 1234 1345 illo-

253 1388 361 1419 rum
392 1369 614 1418 mandato
635 1367 801 1416 iisdem
820 1365 950 1416 fuisse
978 1368 1234 1415 sancitum.

253 1444 415 1508 Qare
447 1458 505 1489 ex
540 1440 625 1486 hoc
656 1439 760 1487 astu
783 1438 1073 1496 deducitur,
1110 1435 1230 1505 ipsos

253 1527 499 1576 tamquam
527 1508 673 1557 bonos
691 1545 706 1566 ,
746 1506 937 1575 piosque
968 1510 1236 1576 Principes,

255 1601 306 1630 ac
342 1581 400 1630 de
429 1579 691 1647 Republica
714 1581 896 1646 optime}
927 1582 1123 1628 meritos
1151 1580 1236 1626 tali

254 1652 298 1700 ie
320 1646 569 1700 reddidiffe
594 1650 760 1718 dignos
783 1651 985 1698 honore.

326 1722 569 1773 O&avum
605 1722 778 1787 pariter
810 1722 948 1768 elicio
978 1736 1234 1787 argumen-

255 1809 360 1842 tum
391 1809 447 1841 ex
465 1791 731 1853 objestione
750 1788 805 1837 ab
825 1789 1058 1856 aliquibus
1078 1787 1199 1837 facta
1225 1827 1238 1848 ‚

256 1865 312 1912 de
330 1864 641 1909 Etlinicorum
671 1862 970 1927 Scriptorum
1003 1863 1048 1907 in
1069 1877 1116 1907 re
1138 1873 1236 1906 tam

256 1935 434 2001 patenti
453 1931 667 1988 silentio,
704 1928 886 1979 fortasse
912 1929 1053 1980 ducta
1079 1935 1236 1991 conje-

251 2002 386 2054 cstura
407 2021 464 2051 ex.
488 2020 542 2050 eo
568 2038 581 2058 ,
621 2004 747 2066 quod
772 2000 854 2068 ipli
883 2001 1234 2067 prfesumerent,

256 2071 414 2122 ambos
435 2073 513 2120 hos
533 2075 849 2138 imperatores
874 2075 1085 2119 Deorum
1104 2067 1235 2118 fuiffe

256 2144 510 2199 Cultores,
549 2143 775 2206 quoniam
811 2144 947 2188 Sacra
974 2177 988 2197 ,
1025 2140 1236 2206 rituiQue

256 2214 470 2282 proprios
502 2209 843 2279 permittebant
872 2247 881 2256 .
939 2213 1039 2279 Ego
1073 2225 1232 2258 autem

256 2302 314 2333 ex
341 2285 427 2331 hoc
455 2281 552 2348 ipso
589 2278 773 2330 silentio
811 2281 1042 2348 depromo
1073 2320 1088 2342 ,
1136 2277 1232 2329 eos-

256 2354 367 2402 dem
390 2353 625 2419 Principes
648 2349 961 2399 Christianam
989 2352 1233 2419 amplexa-

256 2438 325 2471 tos
344 2419 476 2470 fuiffe
497 2422 796 2488 Religionem
815 2456 826 2466 .
865 2423 934 2468 Eo
954 2424 1062 2488 quia
1078 2423 1235 2470 nullus

257 2511 316 2543 ex:
338 2489 458 2541 hisce
485 2492 696 2539 Ethnicis
715 2491 1033 2558 Scriptoribus
1061 2493 1234 2540 memi-

257 2568 329 2612 nit
345 2599 360 2621 ,
398 2563 502 2611 illos
520 2559 805 2609 sacrificandi
825 2563 958 2610 causa
976 2599 991 2620 ‚
1030 2559 1233 2611 occasio-

257 2652 314 2682 ne
336 2634 464 2680 Anni
483 2629 725 2680 millesimi
742 2636 876 2694 juxta
894 2646 1116 2680 veterum
1133 2649 1234 2679 mo-

258 2723 391 2760 rem,
427 2703 725 2770 Capitolium
755 2699 1036 2759 astendifib,
1075 2716 1128 2750 ut
1155 2701 1234 2749 ad-

256 2776 403 2823 vertit
421 2770 616 2823 Orosius
638 2809 647 2818 .
689 2773 910 2820 Poterant
929 2774 1053 2820 enim
1073 2773 1235 2821 occul-

256 2846 301 2893 τὲ
345 2842 659 2893 Christianam
705 2843 1008 2910 Religionem
1049 2839 1236 2911 profeffi

260 2914 353 2964 esse
373 2936 387 2974 3
427 2932 534 2960 nam
553 2930 711 2961 rerum
729 2949 744 2970 ,
769 2914 817 2962 &
837 2926 1113 2981 temporum
1132 2929 1239 2960 conxm

258 2985 378 3033 ditio
404 3002 495 3031 non
515 2981 693 3032 sinebat
710 3019 725 3040 ,
764 2997 818 3030 ut
836 2984 990 3049 palam
1022 2985 1237 3051 Religio-

258 3073 367 3103 nem
384 3055 504 3102 lianc
521 3053 898 3102 demonstrarent
913 3089 928 3110 ‚
947 3055 1057 3119 quia
1071 3070 1238 3103 eorum

262 3126 529 3191 Imperium
550 3122 759 3171 nondum
777 3121 885 3171 satis
909 3120 1128 3182 firmum,
1155 3127 1237 3172 Se·

259 3192 478 3259 natusque
501 3230 515 3251 ‚
551 3195 813 3261 Populique
832 3196 1073 3252 Romani,
1098 3208 1238 3261 atque

260 3262 489 3311 exercitiis
523 3262 828 3314 inconstantia
858 3300 873 3326 ‚
911 3265 961 3315 ὃς
993 3265 1170 3315 laevitas
1194 3262 1241 3312 in

668 250 766 298 DE
817 245 1159 297 DUOBUS
1210 242 1914 299 EMBLEMATIB‘OS

1293 316 1534 363 mutandis
1571 316 1864 382 Principibus
1897 318 2005 366 satis
2047 334 2148 368 erat
2183 339 2266 369 nO«

1293 399 1338 433 ta
1351 421 1366 443 ,
1404 384 1808 451 quemadmodum
1823 403 1880 434 ex
1895 381 2268 454 praecedentibus

1293 460 1644 523 Imperatorum
1675 453 1877 502 caedibus
1901 455 1944 505 se
1961 460 2264 524 prodiderat:

1290 523 1607 575 Christianam
1634 526 1913 574 occultando
1933 530 2237 596 Religionem
2253 568 2270 589 ,

1291 599 1340 647 &
1360 597 1557 664 propriae
1578 596 1759 652 vitaz&
1775 597 1984 664 Imperio
1996 598 2267 649 consultum

1291 666 1442 716 fuerat
1472 701 1488 722 ‚
1537 664 1690 732 licque
1717 667 1863 715 etiam
1891 666 2107 717 Ecclefiae
2129 670 2267 719 rebus

1293 751 1394 790 erat
1420 737 1587 783 utilior
1608 771 1618 782 .

1355 810 1553 857 Nonum
1597 802 1791 853 desumo
1831 821 2166 873 argumentum
2209 828 2270 858 ex

1285 892 1416 931 mota
1432 894 1456 921 a
1473 876 1624 924 Decio
1641 911 1655 932 ,
1693 876 1739 920 in
1751 877 1962 943 Imperio
1981 876 2236 928 successore
2252 915 2267 936 ,

1287 957 1332 1000 ἧι]
1350 947 1636 1000 Christianos
1655 943 1978 1013 persecutione
1992 983 2008 1004 ,
2029 949 2073 994 in
2090 967 2264 997 eorun-

1288 1024 1397 1071 dem
1413 1017 1686 1083 Principum
1707 1016 1868 1063 odium
1885 1052 1900 1073 ,
1916 1019 2024 1082 quia
2043 1017 2269 1068 Christia-

1287 1096 1355 1140 nis
1373 1089 1585 1137 faverant
1603 1122 1617 1142 ,
1654 1098 1706 1132 ut
1742 1084 1952 1152 pluribus
1972 1086 2267 1139 demonstrat

1289 1159 1521 1226 exemplis
1539 1154 1753 1204 laudatus
1773 1159 2001 1205 Baronius
2013 1158 2070 1206 ad
2086 1176 2267 1208 annum

1293 1247 1407 1294 253.
1429 1232 1487 1276 Et
1505 1226 1758 1295 pri-elertim
1778 1229 1967 1276 elicitur
1989 1246 2045 1276 ex
2067 1229 2269 1278 Chroni-

1290 1322 1344 1351 co
1364 1296 1694 1350 Alexandrino
1724 1333 1740 1355 ,
1777 1295 1872 1346 five
1902 1296 2107 1346 Paschali
2129 1334 2145 1356 ,
2182 1317 2267 1347 nu-

1292 1391 1374 1442 per
1406 1365 1565 1418 recuso
1598 1386 1622 1414 a
1650 1370 1729 1414 Du
1763 1370 1924 1435 Cange
1961 1367 2020 1416 ad
2053 1386 2268 1418 annum„

1288 1440 1465 1493 Christi
1488 1453 1602 1498 253.
1635 1439 1684 1487 ὃς
1712 1455 1770 1486 ex
1802 1438 1994 1487 laudato
2027 1438 2271 1490 Auctore,

1290 1510 1451 1562 Arabo
1477 1508 1824 1575 Abul-Pharagi
1846 1544 1856 1555 .

1363 1582 1623 1631 Decimum
1641 1577 1843 1645 denique
1877 1595 1961 1645 pro
1978 1595 2093 1626 mea:
2118 1580 2272 1628 inten-

1289 1655 1432 1702 tionis
1486 1647 1759 1698 fundamine
1812 1649 2012 1697 minime
2055 1648 2274 1717 spernen-

1292 1726 1409 1772 dum
1437 1759 1452 1780 ‚
1491 1719 1673 1768 adduco
1705 1733 2038 1787 argumentum
2059 1755 2074 1776 ,
2115 1723 2270 1768 Num-

1291 1812 1425 1842 mum
1461 1790 1686 1839 videlicet
1715 1789 1771 1836 ab
1791 1788 2136 1857 Apamensibus
2176 1794 2272 1858 Sy-

1291 1867 1400 1921 riae,
1438 1858 1600 1909 cusum
1630 1896 1645 1918 ‚
1683 1859 1809 1925 quod
1838 1857 1980 1908 refert
2013 1858 2270 1908 eruditifli-

1290 1953 1394 1981 mus
1422 1934 1496 1980 vir
1528 1931 1760 1981 Oetavius
1781 1932 2081 1978 Falconerius
2111 1932 2158 1977 in
2193 1929 2271 1978 sua

1290 2000 1622 2053 Dissertatione
1659 1998 1716 2049 de
1758 2002 1977 2048 Nummo
2012 1997 2273 2067 Apamenfi

1291 2073 1604 2124 Deucalionei
1629 2072 1818 2118 Diluvii
1840 2085 2017 2139 typum
2039 2068 2268 2118 exhiben-

1292 2161 1338 2195 te
1360 2181 1370 2191 .
1413 2146 1651 2192 Nummus
1673 2139 1753 2189 iste
1774 2144 1819 2188 in
1842 2159 1931 2188 una
1958 2138 2074 2188 facie
2100 2140 2273 2206 Philip-

1289 2219 1335 2285 pi
1371 2209 1576 2263 Senioris
1603 2224 1741 2278 caput
1762 2209 1919 2259 laurea·
1945 2206 2118 2258 corona
2141 2210 2269 2258 redi-

1288 2288 1464 2334 mitum
1482 2280 1717 2338 ostendit,
1755 2298 1864 2328 cum
1899 2298 2047 2349 graeca
2074 2281 2271 2346 Epigra-

1289 2359 1377 2425 phe
1420 2353 1577 2401 AYT.
1617 2354 1673 2399 K.
1723 2353 1884 2400 loYA
1926 2348 2271 2403 φΙΛΙΠΠΟΣ

1288 2424 1442 2486 ΑΥΓ.
1483 2421 1714 2486 Imperator
1746 2422 1850 2489 Caes.
1889 2421 1999 2487 Jul.
2038 2421 2269 2486 Philippus

1288 2486 1405 2563 Abg.
1441 2496 1495 2540 In
1527 2495 1672 2539 altera
1704 2487 1917 2558 oppolita
1950 2488 2069 2539 facie
2109 2489 2273 2538 vifitur

1289 2563 1503 2631 quaedam
1533 2562 1687 2609 veluti
1712 2559 1935 2626 quadrata
1963 2577 2066 2607 arca
2095 2596 2112 2618 ,
2151 2562 2273 2607 intra,

1288 2652 1430 2701 quam
1456 2631 1556 2680 duae
1573 2629 1680 2680 sunt
1694 2628 1878 2698 *effigies
1895 2631 2086 2697 pectore
2106 2644 2266 2687 tenus,

1291 2705 1443 2754 virilis
1461 2719 1549 2749 una
1565 2737 1580 2759 ,
1617 2702 1761 2749 altera
1782 2700 2054 2749 muliebris:
2093 2702 2140 2747 in
2158 2717 2271 2748 arcae

1289 2774 1560 2824 summitate
1575 2807 1590 2829 ,
1623 2790 1673 2819 ac
1694 2771 1867 2837 angulo
1887 2768 2057 2829 inlidet
2075 2772 2176 2818 avis
2192 2786 2271 2818 ve-

1292 2847 1380 2894 luti
1399 2839 1638 2892 Columba
1657 2877 1666 2887 .
1706 2844 1760 2889 In
1777 2839 1895 2889 facie
1914 2858 2029 2889 arcae
2047 2838 2150 2888 sunt
2165 2841 2270 2889 lite-

1248 2918 1250 2922 ’
1294 2935 1352 2964 rae
1384 2911 1526 2962 NQE
1554 2950 1568 2972 ,
1603 2909 1786 2960 scilicet
1813 2913 1919 2959 Noe
1949 2946 1960 2957 .
1999 2910 2173 2958 Subtus
2194 2925 2268 2954 ar-

1293 3003 1395 3034 cam
1416 2995 1643 3051 apparent
1662 2999 1815 3047 aquae:
1836 2995 1967 3029 extra
1984 2998 2136 3028 arcam
2153 3016 2166 3038 ,
2180 2995 2268 3025 eae-

1292 3058 1399 3105 dem
1418 3053 1576 3121 figurae
1593 3050 1777 3108 stantes,
1794 3054 1843 3102 ὃ(
1864 3050 1996 3118 super
2007 3052 2144 3116 caput
2158 3048 2269 3096 Viri

1293 3123 1555 3179 Columba,
1578 3140 1677 3188 quae
1694 3121 1892 3188 pedibus
1909 3121 2063 3171 Olivae
2079 3134 2271 3165 ramum

1292 3196 1476 3262 stringit
1492 3233 1505 3254 ‚
1543 3211 1593 3240 ac
1614 3194 1778 3240 volatu
1800 3192 1859 3241 ad
1875 3205 2030 3237 arcam
2046 3186 2200 3236 tendit
2217 3188 2265 3233 in

1293 3282 1474 3336 gyrum
1495 3301 1510 3322 ,
1546 3281 1596 3311 ac
1628 3259 1788 3312 subtus
1810 3264 1904 3311 haec
1935 3258 2109 3327 legitur
2123 3273 2269 3373 graleca.

2220 3342 2270 3372 nv
