2378 3674
209 265 306 308 254

209 335 287 385 pes
308 315 352 360 in
371 309 544 359 ultimo
566 305 677 355 sistit
695 306 845 374 gradu
861 340 877 363 ,
913 302 1091 353 sinister
1114 321 1191 352 ve-

210 387 264 435 ro
285 392 495 432 remanet
515 376 750 444 suspensus
767 411 783 432 ,
821 371 948 441 quasi
982 372 1075 441 ipse
1101 391 1184 422 ve-

209 459 267 506 lit
297 448 532 501 ascensum
553 447 802 495 terminare
820 481 830 492 .
851 447 1011 512 Qare
1029 440 1187 492 ascen-

211 526 322 576 dens
343 518 597 588 quamdam
633 516 814 584 patitur
846 513 1154 563 molestiam,
1173 550 1189 570 ,

211 596 320 663 quia
352 589 461 639 cum
493 587 772 634 naturaliter
807 582 987 633 sinistro
1029 584 1180 652 pede,

209 665 330 715 velit
359 660 574 726 quietem
603 657 820 704 invenire
846 691 864 713 ,
913 651 995 702 illd
1026 671 1183 722 nequa

212 749 354 803 quam
383 725 557 776 fruitur
580 763 591 774 .

280 805 438 863 Hujus
455 797 582 845 scalae
604 794 1030 853 delineamentum‚
1045 809 1099 844 ut
1115 812 1191 842 an-

210 869 407 939 tiquitus
425 882 541 924 erat,
563 869 609 915 in
626 866 811 914 Tabula
829 870 947 917 XII.
969 867 1064 914 mei
1080 883 1191 933 ope-

212 946 272 992 ris
305 946 376 990 De
400 939 548 987 Sacris
566 935 786 987 AEdificiis
823 957 847 984 a
878 935 1191 986 Constantino

210 1017 392 1081 Magno
425 1007 698 1057 construeris
725 1026 828 1075 pag.
861 1022 939 1067 37.
975 1025 1195 1075 expono,

209 1082 292 1133 ubi
311 1078 527 1131 distinete
555 1079 762 1145 quinque
793 1076 1027 1146 graduum
1067 1077 1194 1126 ordi·

211 1171 290 1202 nes
314 1192 328 1214 ,
365 1169 475 1198 cum
497 1149 792 1197 intermixtis
813 1149 979 1197 areolis
996 1166 1196 1197 cernun-

211 1240 318 1273 tur:
361 1239 503 1288 quare
539 1217 707 1287 singuli
727 1218 918 1268 ordines
935 1237 992 1267 ex
1013 1216 1193 1286 septem

211 1291 482 1342 constabant
501 1289 723 1359 gradibus
742 1324 754 1333 .
795 1292 1034 1339 Arearum
1058 1289 1194 1346 vero,

211 1382 312 1431 quae
333 1365 378 1410 in
399 1360 528 1410 scalis
546 1362 914 1426 interponuntur
933 1398 947 1419 ‚
986 1357 1086 1408 finis
1112 1358 1193 1416 est,

211 1447 266 1481 ut
291 1429 486 1499 quisque
517 1432 563 1477 in
592 1427 882 1477 ascendendo
909 1425 1192 1499 defatigatus

212 1500 446 1572 paulisper
462 1502 674 1568 quietem
694 1497 1045 1549 deambulando
1061 1538 1076 1559 ‚
1093 1498 1190 1549 sive

190 1570 501 1622 'consistendo
538 1571 751 1618 inveniat
774 1607 783 1616 .
826 1574 880 1619 In
920 1569 1047 1620 scala>
1078 1574 1192 1621 vero

211 1645 487 1692 summitate
505 1641 714 1688 maxima
731 1643 858 1688 Area
882 1641 947 1689 est
966 1679 981 1700 ,
1000 1640 1110 1690 cum
1128 1639 1192 1688 ibi

212 1719 446 1777 majorem
482 1712 693 1778 quietem
728 1709 978 1762 ascendens
1005 1750 1021 1771 ,
1061 1726 1192 1761 ante-

212 1801 354 1851 quam
375 1779 628 1831 aedificium
648 1781 943 1849 ingrediatur
963 1820 978 1841 ,
1010 1785 1193 1832 inveni·

214 1873 264 1903 re
287 1852 460 1902 debeat
477 1889 487 1899 .
528 1857 583 1901 In
605 1850 724 1899 hisce
747 1853 900 1901 Sancti
921 1855 1041 1903 Petri
1065 1853 1195 1902 scalis

214 1926 423 1973 maxima
449 1936 548 1972 erat
578 1925 701 1971 Area
719 1958 735 1979 ,
755 1941 895 1988 quam
929 1922 1194 1993 suggestum

215 1997 339 2047 ,Areae
355 1990 605 2060 superioris
627 1992 817 2041 Sanetus
837 1995 933 2042 Leo
958 1997 1164 2063 appellat
1180 2033 1195 2054 ,

216 2064 274 2112 ad
307 2061 623 2111 differentiam
656 2064 858 2110 aliarum
887 2061 1163 2114 inferiorum
1183 2103 1192 2113 .

287 2134 372 2181 Per
394 2134 528 2194 hujus
557 2131 681 2179 scalae
705 2132 876 2200 gradus
897 2134 1032 2200 prisci
1054 2136 1192 2184 Fide-

216 2206 281 2254 les
299 2203 527 2251 orationis
546 2215 661 2249 voto
676 2237 693 2259 ‚
728 2198 826 2250 five
842 2205 994 2271 gratia
1012 2204 1196 2256 indiffe-

216 2287 372 2323 renter
391 2270 624 2320 habebant
639 2271 878 2320 ascensum
901 2311 917 2331 ,
952 2275 1089 2325 flexis
1108 2276 1194 2324 sci-

520 239 630 290 DE
710 235 1025 288 VOCIS
1099 231 1913 288 CORRECTIONE

1241 314 1291 349 to
1314 320 1339 348 a
1358 304 1665 359 Manichaeis‚
1700 304 1780 369 qui
1812 305 2082 368 hujusmodi
2113 321 2220 372 prov

1241 370 1402 419 fanum
1423 370 1737 421 observabant
1758 374 1906 421 ritum
1922 412 1932 423 .
1960 380 2122 444 Qare
2143 377 2220 423 Fi-

1243 440 1371 491 deles
1390 439 1476 510 ipsi
1503 444 1808 510 propriorum
1832 445 2013 494 rituum
2042 447 2225 515 ignari,
2271 459 2275 463 ·

1241 511 1512 562 nascentem
1532 511 1779 563 Christum
1797 531 1908 561 cum
1928 518 2129 566 Oriente
2149 518 2228 564 So-

1243 583 1286 632 le
1305 579 1685 641 confundebant,
1704 581 1944 633 adorando
1963 599 2227 634 creaturam

1245 671 1330 722 pro
1347 656 1579 704 Creatore
1600 690 1610 701 .
1632 651 1848 702 Strietius
1868 655 1962 704 haec
1979 673 2224 723 exponam.

1247 725 1465 773 Gentiles
1484 722 1579 773 fere
1597 742 1757 774 omnes
1772 761 1787 783 ,
1805 726 1855 775 δε
1879 724 2142 794 praesertim
2162 728 2227 775 O-

1247 796 1497 852 rientales,
1535 795 1694 844 Solem
1717 799 1933 845 Deorum
1959 798 2228 865 principem

1246 860 1334 913 effe
1358 864 1693 913 crediderunt.
1734 869 1890 915 Docet
1919 867 1967 916 id
1993 868 2231 916 admiran-

1248 935 1315 983 dae
1351 935 1565 985 lefflonis
1589 971 1605 993 ,
1655 949 1792 1003 atque
1821 937 2101 986 eruditionis
2136 937 2230 987 Vir

1248 1002 1430 1073 Gaspar
1452 1006 1667 1055 Barthius
1702 1008 1749 1054 in
1788 1005 1878 1055 suis
1906 1006 2227 1057 Adversario-

1247 1093 1353 1123 rum
1389 1078 1760 1127 Commentariis
1784 1076 1865 1126 lib.
1896 1097 1978 1141 41.
2007 1097 2108 1147 cap.
2147 1094 2230 1137 27.

1249 1145 1385 1195 Idem
1424 1143 1625 1195 ostendit
1652 1148 1744 1197 Vir
1779 1150 2041 1216 multijuga
2071 1148 2230 1198 erudi-

1250 1218 1391 1265 tionis
1405 1252 1421 1274 ,
1435 1218 1484 1267 &
1502 1219 1641 1265 variae
1659 1219 1871 1268 lectionis
1889 1220 2228 1288 Gasparjoan-
2291 1248 2294 1252 ι

1246 1288 1315 1334 nis
1335 1286 1487 1337 Voffii
1508 1288 1553 1334 in
1570 1284 1650 1336 suo
1670 1288 1899 1339 Traftatu
1929 1289 1986 1338 de
2015 1290 2226 1339 Idolola·

1248 1358 1337 1404 tria
1358 1358 1572 1425 plurimis
1591 1359 1637 1405 in
1656 1359 1799 1421 locis;
1826 1360 1953 1409 idem
1976 1361 2229 1408 Kircherus

1246 1430 1293 1474 in
1311 1428 1392 1477 suo
1414 1428 1606 1497 Oedipo
1622 1429 1920 1499 AEgyptiaco.
1936 1429 2063 1480 Cdm
2084 1431 2231 1498 igitur

1247 1498 1624 1548 Manichaeorum
1648 1499 1847 1550 Haeresis
1885 1503 1931 1548 in
1951 1499 2227 1568 Mesopota-

1248 1570 1342 1617 mia
1359 1605 1374 1627 ,
1412 1571 1646 1619 Orientali
1671 1570 1807 1639 plflg3
1823 1611 1838 1633 ‚
1856 1569 1986 1619 suam
2010 1570 2233 1619 habuerit:

1247 1641 1482 1709 originem
1500 1677 1516 1698 ‚
1553 1653 1606 1687 ut
1628 1638 1789 1689 scribit
1803 1640 2116 1699 Constantiae,
2131 1638 2231 1691 five

1249 1712 1494 1759 Salaminae
1511 1711 1557 1757 in
1572 1713 1744 1780 Cypro
1761 1709 2016 1781 Episcopus
2036 1711 2232 1761 Sanetus

1249 1782 1539 1850 Fpiphanius
1564 1780 1786 1830 adversus
1805 1779 2231 1844 Haereses‚Haerefi

1249 1863 1332 1916 46.
1353 1849 1451 1900 sive
1471 1861 1555 1899 66.
1577 1854 1753 1900 mirum
1770 1872 1863 1902 non
1883 1853 1965 1911 est,
1988 1851 2106 1920 ipsos
2123 1856 2230 1901 Ma-

1250 1924 1449 1970 nichaeos
1482 1922 1641 1970 Solem
1677 1921 1877 1973 adorasse
1894 1946 1908 1986 3
1923 1923 2049 1990 quod
2077 1924 2233 1971 innuit

1249 2010 1476 2061 magnum
1497 1991 1617 2040 illud
1636 1991 1845 2042 Ecclefiae
1862 1995 2024 2042 lumen
2037 1995 2231 2044 Sanstus

1248 2060 1537 2131 Augustinus
1563 2062 1641 2112 lib.
1675 2064 1726 2114 de
1765 2065 1926 2136 Haerefl
1964 2065 2124 2134 Haercf
2143 2072 2225 2126 46‘.

1247 2136 1305 2184 de
1325 2131 1503 2182 eisdem
1525 2135 1801 2183 Manichaeis
1817 2133 1877 2182 sic
1891 2134 2106 2185 scribens:
2122 2134 2227 2183 Ora-

1248 2212 1383 2257 tiones
1385 2200 1564 2271 fhciunt
1580 2205 1640 2253 ad
1652 2206 1790 2255 Solem
1804 2220 1881 2271 per
1894 2207 2009 2255 diem
2022 2241 2035 2262 ,
2050 2221 2228 2274 quaqua-

1248 2279 1425 2345 verfitm
1440 2279 1662 2323 circumit:
1700 2277 1759 2324 ad
1771 2275 1935 2324 Lunam
1940 2291 2020 2342 per
2038 2275 2202 2324 noc‘lcm
2215 2311 2230 2333 ,

216 2347 328 2393 licet
346 2342 575 2410 genibus,
613 2355 665 2388 ut
692 2361 747 2390 ex
770 2346 994 2412 Gregorii
1022 2350 1112 2396 IV.
1142 2367 1195 2396 ac
1233 2347 1289 2418 st
1309 2360 1481 2413 apparet
1508 2345 1568 2393 ad
1583 2346 2067 2414 Aquiloniampartem,
2106 2366 2231 2413 qm,

215 2413 454 2465 Hadriani
470 2416 508 2461 Ι.
523 2412 646 2478 apud
662 2411 1087 2466 Bibliothecarium
1104 2420 1194 2468 Vi-

216 2486 275 2533 tis
302 2481 556 2532 deducitur
573 2518 584 2529 .

286 2551 483 2604 Ostenso
510 2553 654 2621 igitur
669 2589 686 2611 ,
722 2554 834 2620 quid
859 2574 955 2604 vox
972 2560 1092 2608 Arca
1110 2556 1166 2607 sit
1180 2595 1194 2616 ,

215 2625 424 2691 quidque
444 2625 490 2670 in
509 2620 638 2671 sensu
659 2623 812 2672 Sancti
834 2627 861 2672 Ι.
875 2629 1004 2675 eonis
1022 2627 1194 2697 signifi-

215 2708 319 2751 cet,
355 2712 506 2762 operae
538 2695 745 2760 pretium
772 2695 952 2762 poscit,
993 2712 1045 2745 ut
1075 2696 1194 2761 eJ'us-

214 2764 323 2813 dem
344 2762 580 2812 Pontificis
600 2764 658 2813 ad
686 2765 870 2814 Fideles
903 2766 1196 2836 objurgatio-

213 2852 325 2884 nem
346 2836 553 2882 examini
575 2832 846 2897 subjiciam.

286 2906 519 2952 Nonnulli
540 2907 719 2970 antiqui
738 2906 921 2956 Fideles
940 2923 1196 2977 antequam

216 2976 498 3022 Vaticanam
531 2976 890 3043 ingrederentur
916 2978 1162 3029 Basilicam
1182 3017 1198 3038 ,

218 3043 316 3108 post
335 3043 562 3093 scalarum
593 3043 860 3104 ascensum,
900 3045 1079 3098 scilicet
1110 3053 1197 3099 ill-.-

216 3111 311 3177 ipsa
340 3114 567 3162 scalarum
602 3117 807 3163 maxima
839 3126 963 3167 Area
982 3158 996 3179 ‚
1017 3123 1201 3170 Natalis

217 3185 413 3230 Domini
438 3184 513 3233 die
541 3185 584 3234 se
616 3182 863 3245 sistebant,
901 3187 1194 3240 nascentem-

215 3269 304 3318 que
323 3254 476 3301 Solem
497 3255 771 3317 adorabant,
788 3257 931 3310 duc‘to
953 3278 1196 3329 argumen-

1247 2420 1327 2470 Sol
1334 2421 1425 2467 chm
1438 2415 1644 2465 occiderit
1657 2417 1717 2464 ad
1727 2416 1954 2465 Orientem
1967 2421 2229 2467 revertitur.

1249 2491 1411 2554 Qare
1433 2485 1489 2532 ad
1514 2487 1645 2533 illam
1664 2487 1793 2535 Coeli
1816 2488 2003 2556 plagam
2019 2524 2036 2545 ,
2055 2485 2135 2534 ubi
2157 2489 2229 2535 vi·

1249 2558 1421 2606 debant
1444 2552 1524 2602 illa
1559 2555 1673 2605 hort-“i
1697 2553 1888 2623 speciari
1918 2559 2078 2606 Solem
2108 2592 2124 2614 ‚
2164 2555 2230 2605 ibi

1250 2626 1294 2677 se
1321 2627 1379 2676 ad
1400 2627 1537 2674 illum
1555 2624 1850 2675 adorandum
1868 2625 2227 2676 convertebant.

1252 2702 1447 2747 Summo
1467 2697 1612 2763 igitur
1634 2714 1769 2745 mane
1798 2698 1876 2745 Sol
1899 2699 2072 2749 Oriens
2094 2699 2231 2746 Vati·

1250 2787 1372 2817 canae
1393 2766 1596 2816 Bafilicae
1612 2765 1783 2817 faciem
1815 2767 2005 2836 respicit
2022 2804 2038 2825 ,
2074 2768 2230 2815 illam-

1251 2857 1340 2906 que
1367 2839 1536 2886 multas
1557 2837 1758 2886 illustrat
1773 2838 1908 2888 horas
1923 2861 1938 2899 ;
1956 2855 2067 2905 ergo
2082 2835 2113 2885 si
2126 2841 2230 2886 Ma-

1252 2910 1414 2958 nichaei
1434 2944 1449 2965 ,
1485 2907 1601 2955 dum
1631 2909 1679 2955 in
1707 2909 1951 2959 Vaticanis
1984 2907 2113 2956 scalis
2143 2905 2226 2955 sta-

1252 2980 1362 3028 bant
1378 3015 1393 3036 ,
1431 2979 1590 3027 Solem
1611 2977 1812 3027 adorare
1847 2976 2104 3034 volebant,
2141 2977 2225 3022 in„

1252 3046 1518 3113 hujusmodi
1539 3049 1644 3097 acin
1664 3046 1748 3116 ipsi
1762 3051 2007 3098 Vaticanae
2025 3042 2224 3095 Bafilicae

1258 3118 1505 3170 vertebant
1527 3117 1720 3167 dorsum
1739 3141 1754 3179 3
1792 3121 1842 3169 ὃ(
1863 3121 1971 3168 licet
1988 3110 2226 3178 hujusmo-

1249 3192 1297 3241 di
1315 3186 1535 3259 profanus
1554 3192 1672 3237 ritus
1700 3191 1830 3237 omni
1860 3189 1968 3245 die,
2003 3185 2229 3250 omnique

1250 3257 1364 3314 hord
1392 3280 1416 3308 a
1444 3260 1718 3309 Manichaeis
1753 3257 2021 3309 observatus
2051 3250 2223 3369 fuer-ff,

2107 3341 2155 3371 ni
2192 3337 2223 3367 1-
