2378 3674
444 282 691 335 5ἶὲἈὲ
767 284 1183 337 LAPIDE
1260 283 1824 335 AMIANTO.

122 353 322 405 frustum
356 354 548 420 aliquod
587 352 977 404 incombustibilis
1016 358 1101 403 lini

122 425 340 477 Amianti
370 423 744 472 demonstratum
783 422 928 473 fuerit
958 447 973 486 3
1012 439 1102 474 tuae

124 494 398 558 hujusmodi
426 496 645 561 petitioni
679 495 835 542 statim
852 493 1102 563 respondi,

123 583 216 614 non
233 561 385 612 solum
415 563 602 626 hujusce
624 567 692 612 rei
723 562 889 612 eidem
909 567 955 612 in
976 569 1102 613 Aca·

124 635 283 683 demia
302 632 458 701 saepius
476 634 737 700 periculum
758 630 886 682 fuisse
908 631 1104 696 factum3

124 703 299 754 verum
316 706 458 752 etiam
483 700 692 763 ejusdem
714 705 798 751 lini
822 702 980 753 silandi
1000 723 1102 753 mo-

126 776 285 825 duma
306 773 515 839 quodam
553 775 729 822 Amico
754 779 848 835 jam
878 792 953 822 me
980 775 1103 823 didi-

127 843 239 894 cisse
257 879 273 902 ‚
289 861 430 908 quem
447 841 627 910 publici
648 845 762 905 juris
781 843 894 911 saepe
922 841 1104 895 facere.)

125 913 461 970 decreveram,
480 909 557 960 sed
588 910 729 977 usque
750 913 806 961 ad
826 915 1104 979 hodiernam

125 984 256 1033 diem
276 982 457 1031 distuli:
476 985 524 1034 &c
546 996 598 1029 ut
617 981 877 1031 curiositati
910 999 999 1032 tuae
1018 1002 1103 1049 pro

125 1052 311 1103 viribus
335 1051 657 1121 indulgerem,
685 1054 898 1103 &linum
915 1091 929 1111 ,
948 1056 996 1104 &
1017 1053 1108 1102 fru-

125 1125 302 1174 stulum
318 1159 333 1181 ‚
348 1125 398 1173 &c
414 1124 624 1171 chartam
644 1140 701 1171 ex
718 1124 883 1172 eadem
909 1128 1105 1173 materia

128 1191 389 1244 confestam
408 1192 527 1251 ,tibi
545 1193 726 1242 ostendi
747 1231 761 1251 ,
781 1196 830 1243 ὃς
858 1194 901 1242 in
924 1194 1105 1261 iignum

128 1263 444 1314 devinstionis
477 1281 590 1312 meae
609 1265 732 1312 dono
752 1263 863 1313 dedi
884 1300 894 1311 .
938 1269 1005 1312 At
1026 1283 1108 1332 pro

127 1335 298 1394 majori
326 1335 461 1397 hujus
492 1336 559 1382 rei
583 1333 850 1383 eruditione
874 1335 1106 1400 quidquid

128 1403 295 1454 eadem
329 1405 376 1451 in
410 1403 671 1452 Academia
702 1404 760 1454 de
791 1422 842 1452 ea
869 1422 917 1453 re
942 1404 1104 1453 disser-

128 1491 234 1524 tum
265 1471 357 1522 fuit
389 1509 404 1531 ,
439 1475 488 1523 ὅτ.
527 1476 610 1522 lini
645 1473 915 1537 hujusmodi
946 1471 1106 1523 filandi

125 1545 349 1602 modum,
365 1547 442 1591 vix
466 1543 748 1611 pauciffimis
766 1546 903 1594 hodie
921 1559 1106 1602 notum,

125 1617 220 1665 tuis
247 1613 332 1663 sub
361 1615 510 1662 oculis
530 1631 717 1683 ponere,
737 1616 900 1680 tuique
924 1612 1005 1661 sub
1026 1633 1106 1663 no-

125 1687 268 1735 minis
294 1682 502 1754 auspicio
520 1686 676 1753 palam
707 1683 857 1733 facere
880 1685 1072 1733 decrevi
1093 1721 1102 1731 .

126 1757 311 1823 Accipe
329 1757 474 1823 igitur
491 1772 570 1815 ea,
603 1774 702 1820 quae
735 1755 943 1804 difflurus
965 1754 1065 1801 sum
1089 1791 1104 1812 ,

124 1827 293 1883 hilari,
310 1838 536 1894 gratoque
556 1827 731 1883 animo,
745 1839 967 1892 tanquam
987 1845 1010 1872 a
1029 1826 1106 1874 de-

126 1896 293 1946 vinCto
311 1895 453 1944 corde
481 1897 806 1962 provenientia
830 1932 840 1941 .

201 1967 457 2015 Amiantus
479 1967 590 2033 lapis
610 1964 690 2023 est,
710 1963 769 2013 fic
790 1963 940 2013 dietus
956 1985 978 2012 a
998 1983 1105 2032 grae-

127 2054 183 2084 ca
211 2053 328 2084 voce
346 2032 594 2101 Ἀμίανπς,
612 2053 710 2101 quse
739 2054 762 2081 a
795 2034 943 2083 verbo
973 2033 1105 2101 (malva,

125 2106 365 2176 originem
396 2107 527 2154 ducit
543 2143 559 2164 ,
587 2105 715 2172 quod
737 2106 944 2156 maculare
961 2106 1105 2155 deno-

126 2189 222 2224 tat.
254 2174 518 2244 Propofitio
554 2175 669 2223 vero
697 2193 721 2223 a
755 2178 1032 2243 privationis
1054 2174 1107 2224 fi-

126 2264 272 2315 gnum
293 2246 383 2303 est,
400 2243 581 2295 scilicet
596 2263 688 2294 non
715 2247 949 2294 maculare
966 2268 978 2306 ;
994 2264 1104 2312 qua-

127 2333 178 2364 re
197 2314 426 2381 Ἀμῖαντος
459 2317 588 2364 idem
617 2315 775 2373 sonat,
798 2334 848 2363 ac
863 2320 1105 2366 immacula-

128 2402 199 2434 tus
215 2420 228 2443 ‚
246 2389 437 2434 Fortun.
457 2388 604 2435 Licet.
626 2386 682 2434 de
706 2387 927 2435 Lucernis
955 2385 1036 2435 lib.
1061 2407 1104 2434 2.

130 2472 232 2522 cap.
259 2473 334 2518 14.

237 2524 317 2573 Ab
357 2523 524 2574 iisdem
560 2528 734 2575 Graecis
779 2525 1112 2576 denominatur

130 2594 300 2655 offirsses-oc
317 2630 331 2653 ,
350 2597 473 2661 quod
500 2595 625 2663 apud
643 2595 761 2663 ipsos
783 2598 902 2644 Calx
922 2597 1114 2659 dicitur,

130 2663 192 2714 εὸ
209 2667 319 2732 quia
352 2667 400 2712 in
420 2666 526 2735 igne
545 2669 683 2713 durat
700 2701 716 2723 ,
751 2684 802 2712 ac
825 2669 1076 2714 candorem
1098 2703 1112 2724 ,

130 2734 605 2804 purificationemque
622 2737 670 2782 in
696 2736 885 2792 eodem,
900 2749 952 2782 ut
972 2737 1111 2794 Cabr,

131 2806 365 2871 acquirit3
380 2805 509 2855 idem
528 2806 677 2854 Licet.
699 2807 832 2863 lib.3.
848 2822 1037 2873 cap.27.

203 2878 310 2925 Nec
347 2874 516 2924 desunt
539 2911 555 2932 ,
585 2877 666 2940 qui
690 2875 896 2942 lapidem
929 2874 1107 2924 istum-2

133 2942 363 3010 βοςςυχῖτιν
383 2947 620 3013 appellant
650 2965 675 2992 a
693 2948 956 2994 Comarum
982 2942 1108 2993 fimi-

131 3016 339 3069 litudine
368 3053 378 3064 .
413 3016 514 3064 Alii
541 3014 657 3064 vero
684 3012 835 3062 «πόλῖαν
853 3051 869 3071 ,
898 3016 1074 3082 poliam
1094 3052 1111 3074 ,

131 3084 234 3138 slve
258 3083 579 3148 σπαρτοτολίαν
609 3084 946 3152 spartopoliam
965 3085 1109 3134 deno—

129 3159 331 3215 minant,
350 3159 458 3223 quia
475 3172 695 3222 tanquam
716 3157 868 3203 linum
887 3168 1036 3204 netur.

200 3228 357 3275 Latini
376 3226 490 3276 vero
510 3229 663 3274 linum
685 3227 858 3273 vivum
876 3226 1106 3283 vocitant,

129 3299 354 3364 quoniam
383 3300 430 3345 in
446 3299 552 3367 igne
572 3297 768 3345 minime
794 3296 1107 3364 extinguitur5

205 3364 367 3418 ParJI
370 3366 407 3416 Ι.

2026 299 2123 340 217

1155 354 1436 420 quandoque
1474 353 1590 401 vero
1623 356 1778 402 linum
1814 349 2091 419 Carystium
2113 389 2129 411 ,

1155 423 1251 474 five
1274 422 1547 491 Carpafium
1565 459 1581 480 ,
1605 439 1684 471 aut
1712 424 1958 473 Creticum
1986 421 2132 471 deno-

1157 495 1334 542 minant
1351 528 1367 550 ,
1383 513 1405 540 a
1424 495 1537 540 locis
1552 529 1569 549 ‚
1590 496 1634 540 in
1651 492 1821 560 quibus
1849 488 2025 540 foditur
2042 527 2059 550 ,
2078 506 2131 541 ut

1159 561 1277 610 insta
1302 560 1443 610 fufius
1460 562 1789 611 demonstrabo
1806 599 1818 609 .

1227 632 1431 700 ando
1470 652 1493 678 a
1520 630 1689 681 fodinis
1719 634 1901 682 eruitur
1920 668 1935 689 ,
1957 633 2131 680 multo·

1158 722 1263 751 rum
1296 704 1509 750 colorum
1543 718 1734 770 apparet
1762 738 1777 760 ,
1809 720 1978 769 nempe
2006 702 2132 760 albi,

1158 770 1388 821 subalbidi
1409 810 1423 831 ‚
1443 771 1695 830 subrubei,
1714 772 1925 840 plumbei
1947 794 1961 832 3
1991 790 2131 840 quare

1160 842 1374 892 nonnulli
1399 842 1659 905 hujusmodi
1677 841 1914 892 coloribus
1934 844 2133 901 inducti,

1160 916 1446 963 Amiantum
1478 911 1718 961 crediddre
1753 915 1882 961 idem
1912 950 1929 971 ‚
1952 932 2004 960 ac
2033 915 2132 961 alu-

1156 1002 1265 1033 men
1285 983 1455 1049 plumae
1473 980 1557 1030 effe
1576 1019 1585 1028 .
1607 986 1676 1030 At
1701 1003 1724 1030 a
1746 985 1945 1032 veritate
1966 981 2008 1032 se
2025 984 2129 1032 alie.

1160 1054 1359 1112 nih-unt,
1379 1055 1598 1117 quoniam
1627 1050 1815 1101 eosdem
1838 1055 2014 1121 lapides
2044 1056 2133 1099 mi-

1160 1125 1287 1173 nime}
1311 1124 1560 1190 periclitati
1590 1122 1751 1180 fuere,
1781 1137 1832 1172 ut
1863 1123 2028 1172 eadem
2048 1124 2133 1172 iti-2

1161 1193 1423 1244 Academia
1443 1190 1617 1241 fatstum
1637 1191 1729 1240 fuit
1745 1228 1754 1238 .

1232 1262 1522 1325 Hujusmodi
1542 1263 1655 1329 lapis
1670 1298 1685 1319 ,
1713 1263 1793 1327 qui
1811 1261 1867 1310 ad
1885 1280 2010 1312 meas
2032 1282 2135 1331 per-

1163 1336 1295 1381 venit
1313 1349 1502 1389 manus,
1535 1344 1735 1397 quatuor
1761 1331 1825 1379 est
1846 1331 2105 1399 specierum
2122 1371 2137 1390 ,

1160 1402 1267 1451 cum
1286 1421 1343 1450 ex
1371 1414 1571 1467 quatuor
1590 1399 1785 1450 diverfis
1827 1400 2000 1452 fodinis
2016 1438 2031 1460 ,
2065 1404 2135 1452 di-

1160 1470 1300 1523 versis
1320 1473 1365 1519 in
1386 1472 1498 1519 locis
1518 1467 1613 1519 fitis
1628 1507 1644 1529 ,
1662 1485 1822 1520 erutus
1842 1470 1899 1520 fit
1917 1508 1927 1518 .

1228 1544 1410 1590 Primus
1427 1580 1442 1601 ,
1466 1559 1606 1608 quem
1626 1543 1739 1589 mihi
1757 1547 1852 1604 jam
1879 1560 1903 1588 a
1921 1542 2135 1609 pluribus

1158 1616 1287 1663 annis
1309 1609 1561 1659 transmisit
1580 1613 1779 1660 Carolus
1801 1609 2132 1684 FabritiusJu—

1158 1683 1378 1734 stinianus
1395 1718 1410 1739 ,
1429 1678 1681 1749 Episcopus
1702 1682 1938 1748 quondam
1956 1686 2136 1732 Maria-

1158 1752 1304 1804 nenfis
1338 1754 1383 1799 in
1404 1749 1595 1800 Corsica
1612 1787 1628 1809 ,
1648 1754 1816 1819 longus
1848 1750 1912 1800 est
1930 1787 1946 1809 ,
1982 1752 2134 1803 cum,

1158 1823 1381 1873 nonnulla
1412 1818 1605 1868 frustula
1629 1857 1647 1878 ‚
1679 1840 1778 1888 quae
1809 1822 2017 1889 ligneam
2041 1821 2136 1872 for·

1156 1912 1285 1945 mam
1315 1890 1520 1948 habent,
1546 1890 1604 1939 ad
1638 1890 1865 1952 dimidii,
1900 1892 1950 1942 &
1978 1895 2100 1941 ultra
2119 1931 2136 1955 ‚

1157 1964 1303 2034 palmi
1322 1960 1667 2027 longitudinem
1686 1960 1729 2010 se
1751 1961 2050 2027 protendant,
2065 1981 2140 2012 co-

1157 2036 1266 2084 loris
1283 2029 1511 2080 subalbidi
1530 2066 1547 2087 ,
1574 2030 1632 2079 ad
1652 2028 1812 2078 rufum
1839 2031 2074 2082 tendentis
2092 2070 2102 2080 .

1227 2104 1367 2152 Alter
1401 2099 1616 2169 plumbei
1647 2102 1852 2158 coloris,
1879 2100 1936 2149 ad
1971 2120 2136 2169 argen-

1159 2188 1288 2224 teum
1312 2172 1727 2239 appropinquantis
1745 2206 1761 2227 ,
1779 2172 1971 2219 mollior
1987 2210 2002 2232 ‚
2028 2174 2134 2221 bre-

1158 2247 1356 2310 viorque
1377 2238 1472 2298 est,
1502 2238 1610 2287 cum
1640 2241 1685 2287 in
1714 2239 2012 2306 longitudine
2044 2255 2137 2292 tres

1160 2315 1304 2384 palmi
1327 2312 1482 2360 uncias
1517 2310 1711 2358 minim&
1731 2309 1931 2359 excedat
1952 2347 1962 2358 .
1998 2312 2137 2380 Lapis

1160 2387 1344 2436 eruitur
1365 2382 1443 2429 iste
1463 2380 1521 2427 ad
1549 2382 1746 2428 Sextum
1775 2381 1974 2447 Liguriae
1991 2417 2007 2439 ,
2029 2384 2136 2430 vul-

1163 2456 1223 2525 go
1240 2455 1386 2505 Seffri
1401 2452 1450 2501 a‘i
1465 2452 1675 2500 Ponente:
1696 2450 1897 2498 eundem
1930 2453 2139 2519 lapidem

1167 2527 1283 2573 mihi
1324 2520 1578 2571 transmitti
1605 2539 1664 2569 ex
1700 2521 1782 2568 illo
1817 2521 1918 2568 loco
1954 2524 2141 2570 curavit

1167 2595 1441 2643 Ludovicus
1472 2593 1613 2640 Perez
1636 2590 1756 2640 Ord.
1784 2592 2031 2639 Carmelit.
2052 2594 2139 2640 in„

1166 2664 1357 2733 publico
1407 2666 1622 2710 Romano
1664 2662 1829 2725 Lyceo
1864 2660 2139 2729 Theologiae

1163 2735 1403 2803 quondam
1429 2731 1598 2779 testor
1612 2765 1626 2786 ,
1642 2736 1750 2776 cum
1769 2747 1910 2797 prope
1927 2727 2140 2780 fodinam
2204 2771 2210 2779 .

1164 2803 1374 2869 ejusdem
1429 2802 1691 2866 Religionis
1744 2803 1923 2848 Fratres
1959 2803 2139 2850 Coeno-

1165 2875 1298 2922 bium
1321 2870 1521 2918 habeant

1233 2943 1426 2991 Tertius
1447 2939 1561 2987 vero
1589 2940 1806 2986 omnium
1824 2938 2013 2996 infimus
2029 2959 2140 2998 ,ve-

1164 3015 1253 3062 luti
1281 3011 1563 3078 squammis,
1598 3007 1689 3056 unzi
1721 3005 1858 3076 super
1885 3009 2031 3058 altera
2050 3012 2140 3058 im·

1164 3081 1354 3152 positis,
1384 3079 1442 3127 ad
1475 3098 1596 3146 cepae
1628 3075 1831 3126 formam
1855 3077 2141 3147 compulitus

1161 3152 1412 3210 est,terrei
1434 3150 1605 3198 coloris
1641 3150 1687 3194 in
1714 3150 1904 3215 nigrum
1937 3167 2138 3218 vergen-

1160 3226 1244 3280 tis,
1280 3221 1566 3270 intermixtis
1593 3218 1872 3283 quandoque
1905 3222 2141 3268 nonnullis

1157 3293 1273 3342 albis
1304 3287 1664 3358 superficiebus,
1693 3285 1790 3336 five
1822 3287 2142 3338 delineamen-

1650 3359 1686 3405 E
1704 3374 1728 3406 e
2058 3361 2114 3406 tiz
2128 3395 2144 3417 ,,
