2378 3674
577 259 1750 316 BACULOPASTORALI.
2053 282 2148 327 εις

142 353 196 384 ro
232 336 469 402 Stephano
510 334 707 382 Baluzio
734 337 883 383 relata
914 335 960 380 in
1000 336 1123 380 notis
1249 331 1465 399 Superest
1485 348 1608 378 nunc
1643 328 1822 397 aliquid
1849 328 2067 383 disserere
2093 335 2150 384 de

138 405 196 453 ad
215 403 511 471 Capitularia
540 406 731 472 Regum
766 408 1118 462 Francorum,
1173 399 1375 449 secunda
1395 414 1525 468 parte
1557 403 1783 467 praecitati
1818 403 1978 466 capitis
2008 409 2151 454 Inno-

137 494 241 543 pag.
261 483 409 533 1276.
434 472 645 543 Ideoque
663 473 772 524 crim
807 477 1116 541 Imperatori·
1173 473 1318 521 centii
1336 472 1513 528 Tertii,
1539 489 1709 538 nempe
1733 468 1988 519 dehistoria
2004 477 2149 523 Bacu-

135 537 547 613 bus‚&Regibus
573 543 814 613 potestatis
835 541 1117 610 symbolum
1175 544 1209 590 li
1244 541 1399 590 Sancti
1428 541 1555 589 Petri
1589 539 1712 588 miffi
1736 540 1795 588 ad
1824 541 2149 595 Eucherium

133 613 194 663 fit
209 653 224 675 ,
243 615 446 664 eandem
472 615 590 664 hanc
612 614 892 682 potestatem
911 615 1056 662 etiam
1076 617 1121 663 in

136 687 367 735 Romanis
400 682 712 734 Pontificibus
736 685 957 734 denotare
983 697 1122 731 autu-

136 773 251 813 mo,
283 755 426 821 idque
455 755 632 820 colligo
666 772 723 804 ex
743 771 904 813 more,
930 755 1010 819 qui
1040 754 1124 802 ad-

135 826 228 874 huc
244 822 457 873 servatur
478 826 524 871 in
542 820 741 873 solemni
761 822 1050 892 proceffione
1068 823 1128 873 fe-

135 896 192 945 sti
210 898 285 943 SS.
309 896 536 961 Corporis
555 893 729 944 Christi
749 931 764 954 ,
796 913 890 961 quo
910 908 1127 963 tempore

136 967 468 1015 Diaconorum
488 963 824 1014 Cardinalium
842 966 994 1024 Prior,
1008 967 1124 1014 dum

137 1033 366 1104 processio
386 1035 636 1083 inchoatur
653 1070 669 1093 ‚
685 1033 845 1085 sedens
874 1034 962 1084 stat
981 1039 1028 1084 in
1056 1042 1121 1100 ja-

136 1124 231 1155 nua
250 1107 417 1154 Palatii
435 1103 702 1174 Apostolici
721 1105 1119 1166 animadvertens,

1178 609 1462 680 Episcopum
1484 608 1823 661 Trevirensem
1840 645 1856 667 ,
1886 611 1944 659 de
1977 631 2056 680 qua
2077 617 2150 664 hi-

1178 682 1316 731 storia
1341 680 1402 730 fic
1432 682 1587 728 Divus
1616 681 1827 729 Thomas
1846 680 2058 746 quaest.3,
2078 704 2151 734 ar.

1180 755 1261 800 tic.
1283 766 1326 810 3.
1346 751 1550 800 distinet.
1572 769 1651 814 24.
1669 748 1750 799 lib.
1768 771 1815 815 4.
1845 751 2029 799 sentent,
2050 759 2116 805 ait
2132 779 2146 808 :

1181 825 1401 875 Romanus
1435 820 1644 889 Pontifex
1682 841 1761 870 non
1798 826 1936 871 utitur
1968 823 2148 888 Baculo,

1180 899 1280 963 quia
1302 895 1460 944 Petrus
1489 893 1604 960 mistt
1635 896 1770 963 ipsitm
1796 894 2146 961 adfitfiitanclqm

1180 965 1389 1034 quendam
1407 964 1676 1032 Dissipulum
1692 965 1848 1031 situm,
1881 967 1954 1030 qui
1963 966 2144 1029 Δινωσὶιέ,ό

1164 1035 1312 1104 fiHus
1331 1036 1398 1084 eff
1415 1033 1641 1101 Episicopus
1660 1034 1938 1102 Trevirergfis
1953 1069 1967 1089 ‚
1991 1039 2046 1085 &⁶
2064 1041 2143 1088 iet-0

1175 1112 1223 1156 in
1254 1103 1441 1171 Dioecest
1461 1105 1729 1173 Trevirenst
1754 1106 1872 1170 Papa
1910 1106 2135 1160 Baculum,

137 1179 190 1229 ὃ(
217 1175 468 1226 observans
485 1211 500 1233 ,
518 1194 573 1222 an
596 1176 725 1225 resto
747 1175 912 1225 ordine
933 1175 1119 1244 proces·
1166 1193 1343 1246 portat,
1360 1180 1415 1225 θ’
1432 1194 1510 1225 non
1524 1180 1572 1224 in
1599 1178 1701 1226 aliis
1718 1212 1728 1222 .
1748 1173 1876 1225 Cum
1896 1175 2040 1243 igitur
2060 1178 2141 1225 ham

136 1245 203 1297 fio
226 1259 500 1314 peragatur,
530 1263 622 1313 prae
646 1245 862 1294 manibus
891 1249 1122 1295 Baculum
1175 1246 1233 1295 fit
1262 1263 1375 1314 pura
1407 1244 1631 1302 historia,
1661 1247 1765 1293 aliis
1792 1245 2148 1296 examinandam

137 1331 299 1366 tenens
318 1316 633 1384 longitudinis
650 1317 838 1365 circiter
855 1317 1005 1364 trium
1026 1319 1124 1385 pal·

137 1402 365 1445 morum,
397 1383 661 1435 holoserico
702 1386 966 1436 obductum
997 1426 1012 1449 ,
1041 1391 1121 1454 qui

137 1458 341 1508 Baculus
361 1458 639 1526 imperium,
654 1455 734 1506 seu
752 1457 1023 1506 dominium
1041 1459 1122 1508 de-

139 1541 277 1577 notat
309 1566 326 1589 ‚
355 1523 652 1593 similemque
697 1530 926 1576 Baculum
965 1531 1122 1579 Almae

135 1601 275 1663 hujus
315 1595 466 1651 Urbis
503 1595 802 1647 Gubernator
850 1600 995 1648 etiam
1032 1602 1119 1649 in-‚

134 1666 424 1737 equitatibus
460 1670 508 1716 in
551 1667 754 1717 dominii
791 1666 975 1736 lignum
1012 1686 1118 1722 ante

133 1739 182 1790 se
217 1735 434 1807 praeferre
478 1736 621 1787 solet.
659 1737 910 1789 Praedictus
945 1741 1118 1792 Prioris

135 1812 467 1861 Diaconorum
487 1808 820 1860 Cardinalium
847 1813 1042 1860 Baculus
1067 1815 1114 1861 in

137 1878 418 1931 Ritualibus
450 1879 618 1929 Ferula
655 1880 802 1929 etiam
843 1879 1117 1931 denomina-

133 1967 213 2002 tur
232 1987 244 2000 .
275 1952 323 2000 Si
360 1952 507 2021 igitur
536 1950 630 1999 haec
651 1952 820 2001 Ferula
850 1951 1117 2001 dominium

135 2022 334 2071 denotat
352 2059 368 2082 ,
403 2022 567 2088 utique
593 2021 643 2070 ὃς
672 2022 892 2070 Ferulam
911 2026 1117 2072 Romani

134 2089 378 2142 Pontificis
409 2091 676 2141 dominium
706 2090 933 2143 denotare
960 2091 1119 2162 posse-2

135 2159 370 2212 existimo.
390 2163 459 2209 Ex
476 2163 691 2223 narratis,
707 2165 975 2212 Innocentii
995 2165 1116 2214 Ter-

1176 1318 1422 1382 relinquo,
1454 1317 1544 1362 hoc
1571 1313 1757 1363 tantum
1797 1315 1972 1363 addens
2000 1351 2019 1372 ‚
2053 1334 2156 1368 me..

1178 1388 1421 1454 ignorare,
1449 1384 1574 1433 unde
1598 1403 1709 1433 nam
1742 1382 1824 1432 iste
1852 1402 2044 1452 magnus
2069 1388 2154 1435 Ec-

1175 1455 1323 1505 clefiae
1353 1455 1534 1504 Dostor
1571 1452 1881 1522 desumpserit
1905 1489 1923 1512 ‚
1960 1455 2155 1506 Pontifi-

1175 1545 1282 1576 cem
1307 1527 1355 1573 in
1383 1523 1657 1575 Trevirenfi
1687 1523 1895 1574 Dioecefi
1923 1527 2158 1577 Baculurn

1174 1597 1453 1647 Pastoralem
1478 1593 1688 1663 gestasse3
1702 1593 1735 1644 fi
1754 1597 1985 1657 conjicere
2003 1598 2050 1644 in
2068 1598 2159 1647 hoc

1173 1669 1290 1718 mihi
1318 1665 1383 1716 fas
1411 1665 1508 1724 est,
1531 1680 1647 1734 puto
1678 1665 1808 1715 istius
1826 1665 2160 1718 Sanctiadmo-

1171 1741 1288 1788 dum
1322 1735 1598 1805 perspicacis
1616 1738 1792 1805 ingenii
1812 1737 1901 1786 hoc
1916 1735 2070 1804 potitis
2086 1757 2157 1786 ra-

1171 1810 1426 1860 tiocinium
1442 1804 1599 1865 fuisse,
1613 1811 1755 1874 quam
1771 1805 2032 1866 historiam,
2046 1808 2158 1858 curn

1171 1899 1263 1931 non
1282 1892 1503 1947 appareat
1521 1877 1683 1944 (quod
1698 1877 1868 1941 sciam)
1885 1878 2038 1927 ullum
2058 1882 2158 1928 Ro-

1172 1967 1367 2001 manum
1397 1947 1676 1997 Pontificem
1708 1948 1911 1997 Treveri
1945 1967 2160 2000 commo·-

1173 2035 1328 2071 ratum
1352 2018 1448 2069 esse
1465 2056 1476 2066 .
1497 2022 1614 2069 Haec
1635 2020 1681 2065 in
1699 2017 1938 2086 obsequii,
1972 2020 2023 2069 &
2049 2019 2160 2071 obe-

1172 2092 1358 2141 dientiae
1376 2087 1560 2159 signum
1588 2091 1795 2137 currenti
1820 2090 2001 2139 calamo
2019 2126 2038 2149 ,
2059 2094 2152 2140 ani·

1170 2180 1249 2211 mo
1290 2159 1431 2209 citius
1473 2161 1756 2207 Eminentiae
1793 2159 1972 2210 Vestrae
2006 2160 2146 2211 inser·

133 2234 191 2288 tii
220 2228 506 2281 sententiam
527 2232 652 2282 reeh}
679 2234 853 2281 Baculo
874 2234 1113 2294 Pastorali,
1167 2231 1334 2283 viendi
1363 2231 1554 2279 exaravi
1574 2250 1589 2289 3
1607 2245 1749 2295 quam
1783 2230 2054 2280 humillime)-
2071 2247 2146 2278 ex·

135 2320 234 2350 non
270 2317 431 2351 autem
461 2303 641 2352 Ferulae
667 2339 683 2361 ,
720 2305 946 2370 applicari
977 2307 1110 2373 posse
1165 2321 1279 2358 oro,
1297 2313 1350 2349 ut
1367 2318 1529 2349 omnes
1552 2296 1793 2358 descetus,
1813 2301 1907 2367 'qui
1940 2301 1989 2348 in
2011 2298 2169 2350 distis.

135 2371 300 2436 judico
323 2393 337 2433 ;
364 2371 475 2421 cum
508 2373 590 2421 ille
609 2371 979 2424 Ecclefiasticam
995 2412 1011 2434 ‚
1029 2375 1111 2425 ista
1163 2369 1437 2440 irrepserint
1454 2407 1471 2430 ,
1487 2369 1755 2419 condonare
1779 2371 2024 2439 dignetur.
2043 2373 2144 2420 Va-

137 2442 457 2510 temporalem
484 2442 817 2493 auctoritatem
834 2445 1049 2495 ostendat
1066 2484 1077 2494 .

1171 2445 1214 2493 le
1224 2479 1242 2503 ,
1259 2439 1634 2492 Eminentiffime
1651 2441 1869 2509 Princeps
1888 2476 1899 2488 .
1933 2446 2006 2508 (*)

253 2581 316 2634 (ἢ
341 2580 479 2628 scripta
498 2580 547 2619 est
565 2580 717 2629 Epistola
730 2592 753 2618 a
769 2582 825 2618 Cl.
839 2582 1029 2632 Ciampino
1051 2589 1151 2621 Anno
1168 2583 1313 2623 Domini
1343 2583 1529 2621 MDCXC.

1839 3334 2142 3406 JoANms
