2378 3674
806 218 1221 270 VETERA
1298 213 1960 268 MONJMENTA

462 340 554 374 tera
581 323 711 390 ipsius
734 318 956 385 Cappellae
971 318 988 374 ζ
1001 315 1161 382 nempe
1180 314 1205 362 ἒι
1223 332 1359 362 cornu
1361 337 1401 381 Α
1417 332 1465 361 ac
1479 315 1609 362 tertio
1626 313 1724 361 loco
1739 311 1797 359 est
1815 311 1950 378 figura
1971 343 1987 368 ‚
2018 329 2156 378 quam
2181 313 2302 360 exhi-=

461 391 693 460 Etiangelij
711 389 833 457 super
852 388 1099 442 fenestram,
1115 386 1250 452 prope
1267 385 1362 433 foro
1417 384 1500 432 beo
1530 386 1577 431 in
1595 383 1728 430 relata
1744 381 1914 429 Tabula
1926 380 2003 429 sub
2022 399 2146 429 num.
2166 399 2213 430 2.
2239 382 2304 430 Ibi

534 237 596 271 20

466 468 631 520 uicem,
648 460 866 509 delineata
884 458 959 514 est,
976 455 1231 522 redoletque
1243 457 1357 502 anti-

467 534 737 602 quiffimum
753 544 945 594 tempus,
959 545 1062 574 curn
1079 527 1252 592 picturas
1263 541 1356 572 non

465 607 547 655 sint
562 602 624 650 ita
641 599 755 649 male
772 596 983 665 expreffae,
1001 612 1050 646 vt
1066 599 1249 652 circa‚&
1264 593 1358 662 post

465 672 754 724 millesimum
772 669 1002 731 efformare
1021 664 1357 732 appareant,do-

468 759 627 809 cetque
656 738 890 805 Philippus
922 736 1172 785 Baldinucci
1204 737 1250 782 in
1280 732 1357 780 suo

468 820 630 880 Opere:
647 813 704 862 N
708 811 828 873 otizie
843 809 914 857 del
927 808 1111 871 Dfigno
1124 821 1224 864 &vc-
1239 801 1358 850 Eius-

468 884 573 930 dem
596 884 776 929 thturae
795 876 1018 941 exemplar
1038 873 1290 923 demonstro
1307 874 1356 918 in

468 968 637 998 annexa
661 947 832 994 Tabula
854 949 926 993 VI.
943 942 1078 1009 figura
1094 945 1237 1009 prima
1254 972 1269 996 ,
1301 941 1356 985 ad

466 1022 584 1068 cuius
603 1020 707 1065 ritus
723 1012 979 1080 baptizandi
996 1013 1211 1059 maiorem
1228 1011 1356 1056 eluci-

469 1090 699 1137 dationem
715 1084 887 1131 adduco
905 1082 1056 1129 Albini
1073 1112 1089 1137 ‚
1101 1081 1186 1128 siue
1203 1080 1357 1126 Albini

465 1161 586 1206 flacci
612 1189 629 1212 ,
681 1154 752 1201 seu
788 1153 966 1199 Alcuini
995 1150 1326 1197 auetoritatem...
1350 1181 1362 1193 .

465 1226 559 1294 Ipse
588 1226 736 1277 enirn,
768 1223 844 1286 qui
868 1222 979 1269 vixit
1004 1222 1160 1265 oetauo
1178 1217 1319 1265 seculo
1337 1249 1351 1272 ,

467 1299 514 1343 in
533 1293 710 1361 epistola
727 1291 782 1340 ad
799 1288 1032 1339 Oduinum
1046 1288 1352 1356 presbyterum

466 1368 527 1414 ita
549 1364 693 1413 scribit
712 1402 722 1412 .

465 1467 499 1493 ·,‚
599 1439 649 1483 In
664 1433 846 1480 nomine
863 1429 1144 1478 Sanetiffirnae
1157 1429 1358 1476 Trinita-

467 1536 500 1562 ῃ
527 1507 582 1553 tis
605 1506 720 1552 trina
747 1499 1038 1548 submersione
1069 1499 1315 1563 baptizatur
1339 1526 1355 1552 ,

469 1606 502 1633 „
531 1584 574 1623 &
595 1572 705 1621 recte
723 1571 862 1619 homo
877 1602 892 1625 ,
920 1571 996 1634 qui
1010 1568 1064 1616 ad
1082 1570 1354 1634 imaginem„

466 1674 501 1702 ι»
525 1647 684 1690 Sanetae
698 1640 927 1687 Trinitatis
941 1637 1142 1684 conditus
1160 1637 1219 1682 est
1239 1666 1253 1689 ‚
1280 1651 1355 1698 per

467 1744 499 1770 7,
524 1710 854 1759 inuocationem
873 1709 1034 1754 Sandtae
1053 1704 1287 1753 Trinitatis
1300 1701 1356 1748 ad

468 1813 500 1839 -„
532 1779 719 1829 eandem
749 1791 983 1825 renouatur
1008 1775 1250 1840 imaginem
1266 1804 1281 1828 2
1312 1779 1357 1818 δε

1413 455 1602 501 cernitur
1632 456 1672 501 S.
1701 453 1956 499 Laurentius
1988 456 2174 500 Beatum
2206 455 2303 502 Ro-

1413 540 1600 572 manum
1616 522 1860 587 baptizans,
1876 536 1925 571 vt
1935 519 2025 586 ipsa
2042 522 2298 588 epigraphes

1415 594 1631 659 explicat3
1660 590 1732 640 sed
1760 590 1881 656 quod
1906 588 2124 638 curiosum
2139 588 2302 658 specta-

1417 677 1560 712 torem
1581 660 1739 716 reddit,
1750 660 1824 718 est,
1837 659 1930 709 tam
1946 664 1986 708 S·
2001 662 2305 719 Laurentiumi

1416 733 1554 798 quam
1586 738 1637 780 B.
1654 735 1915 780 Romanum
1944 731 2143 779 vrceolos
2170 737 2304 796 cumas

1416 803 1586 850 duabus
1601 800 1709 849 ansis
1738 799 1941 849 manibus
1961 815 2198 867 Vtrumque
2226 818 2302 867 ge-

1414 889 1503 918 rere
1524 889 1536 918 :
1562 876 1601 919 S.
1619 874 1873 920 Laurentius
1905 869 2133 919 vrceolum
2160 870 2305 917 eleua2

1415 955 1512 987 turn
1542 942 1587 988 in
1607 944 1703 986 aCtu
1728 938 1941 990 fundendi
1959 956 2123 1005 aquam
2151 953 2273 987 tenet
2289 938 2308 996 ς’

1416 1014 1464 1058 Β.
1497 1010 1605 1059 vero
1626 1013 1860 1060 Romanus
1877 1011 2065 1058 alterum
2081 1025 2196 1075 aqua
2213 1008 2306 1074 ple-

1376 1106 1407 1145 Β
1423 1096 1531 1125 num
1544 1082 1557 1126 i
1560 1079 1621 1145 pfi
1638 1082 1874 1128 Laurentio
1893 1112 1909 1137 ‚
1938 1078 2114 1127 dextera
2133 1094 2272 1130 manu
2290 1109 2305 1135 ‚

1421 1153 1692 1212 porrecturus
1705 1149 2008 1214 erigit2stilicet
2022 1147 2203 1214 quando
2217 1149 2307 1213 pri-p

1421 1235 1520 1264 mus
1535 1221 1730 1266 vrceolus
1745 1236 1858 1283 aqua
1875 1220 2004 1266 fuerit
2030 1232 2260 1266 euacuatus
2288 1250 2302 1263 .

1410 1289 1480 1335 Ex
1494 1286 1605 1334 hisce
1618 1285 1789 1335 duobus
1803 1286 1985 1335 vrceolis
1999 1287 2160 1333 trinam
2169 1303 2306 1351 arguo

1414 1355 1701 1422 aspersionem
1722 1387 1738 1412 ,
1767 1356 1872 1403 nam
1893 1355 2174 1420 statimatque
2189 1360 2304 1420 Bap-

1415 1429 1557 1474 tizans
1588 1430 1635 1474 in
1666 1428 1810 1493 prima
1855 1424 2095 1492 asperfione
2127 1425 2303 1473 totam-i

1413 1515 1575 1561 aquarn
1604 1501 1651 1544 in
1680 1499 1856 1545 vrceolo
1881 1509 2136 1543 contentam
2173 1494 2300 1559 super

1411 1566 1737 1632 Baptizandum
1750 1564 1958 1614 effuderat
1971 1597 1986 1622 ,
2012 1565 2129 1612 illico
2147 1565 2298 1631 Bapti-

1412 1636 1580 1683 zandus
1607 1637 1795 1682 alterum
1826 1638 2052 1684 vrceolum
2076 1651 2192 1701 aqua
2208 1635 2298 1699 ple-

1414 1720 1524 1750 num
1538 1704 1758 1751 Sacerdoti
1777 1703 2052 1759 offerebat‚vt
2064 1704 2297 1752 secundam

1415 1774 1569 1823 faceret
1585 1772 1871 1837 aspersionem
1889 1804 1906 1829 ,
1923 1772 2062 1836 licque
2076 1772 2130 1820 de
2145 1775 2292 1828 tertia3

470 1884 501 1911 „
531 1852 635 1916 quia
651 1846 779 1896 tertio
796 1845 934 1913 gradu
951 1843 1235 1912 peccati2idest
1248 1858 1399 1906 con-C
1412 1843 1707 1908 quamobrem
1734 1860 1788 1890 ex
1818 1842 2068 1891 huiusmodi
2096 1842 2261 1891 astibus
2283 1872 2300 1898 ,
2370 1873 2372 1878 -

468 1952 503 1980 υ
535 1918 655 1969 sensu
667 1916 822 1965 cecidit
835 1918 881 1964 in
895 1930 1089 1964 mortem
1102 1944 1116 1969 ‚
1131 1912 1258 1961 tertio
1271 1913 1353 1960 ele·
1412 1916 1545 1961 etiarn
1564 1914 1746 1961 tacitum
1763 1913 2018 1979 baptizandi
2037 1912 2296 1960 consensum
2368 1913 2371 1965 ξ

470 2023 504 2049 ,,
531 2004 657 2037 uatus
673 1987 727 2035 de
755 1987 880 2035 fonte
897 2003 972 2053 per
1002 1985 1191 2052 gratiam
1220 1982 1355 2030 resur·
1413 1976 1503 2030 non
1515 1982 1600 2031 fine
1615 1982 1908 2030 fundamento
1926 1983 2170 2039 inferimus,
2187 1981 2296 2028 dum

468 2092 500 2119 „
531 2074 609 2126 gat
626 2057 681 2104 ad
699 2059 840 2104 vitam
857 2088 868 2100 .

478 2356 585 2387 nem
602 2334 787 2382 denotat
804 2364 821 2390 ,
836 2335 1032 2398 itemque
1052 2348 1180 2380 voces
1198 2347 1210 2380 ε
1238 2334 1360 2380 tertii>

471 2411 656 2459 eleuatus
669 2403 723 2452 de
724 2404 852 2468 fiante
865 2434 880 2461 ‚
893 2419 989 2468 quae
1005 2402 1167 2449 trinam
1182 2404 1362 2448 immer-

474 2478 642 2527 fionem
658 2503 672 2528 ‚
699 2481 744 2520 &
764 2475 939 2521 tertiam
956 2470 1240 2519 emersionem
1255 2470 1360 2518 desi-

477 2559 619 2614 gnant
639 2575 654 2599 ,
685 2556 736 2591 vt
766 2541 892 2608 supra
922 2540 1238 2590 indicauimus:
1266 2543 1361 2587 Hac

1419 2335 1496 2397 qui
1511 2350 1634 2380 nono
1660 2335 1769 2382 vixit
1788 2332 1956 2389 seculo,
1987 2334 2034 2379 iu
2049 2331 2126 2380 suo
2157 2330 2210 2379 de
2236 2346 2300 2377 re·

1419 2401 1498 2449 bus
1527 2404 1817 2451 Ecclesiasticis
1848 2403 1960 2451 libro
1990 2402 2043 2451 sic
2072 2416 2220 2450 narrat
2256 2418 2270 2447 ι

1413 2054 1602 2119 proprijs
1628 2052 1830 2101 manibus
1857 2056 2086 2100 materiem
2118 2070 2198 2119 pro
2227 2058 2300 2098 Sa-
2364 2065 2367 2111 g

575 2133 626 2176 Iri
641 2126 721 2173 hac
735 2123 960 2174 assertione
974 2124 1064 2172 duo
1083 2120 1356 2188 perpenden-
1411 2139 1637 2171 eramento
1648 2121 1916 2170 conficiendo
1928 2119 2297 2171 subministrabat·
2362 2135 2365 2189 j

472 2200 533 2248 da
549 2194 828 2259 suntmempe
842 2191 1245 2259 voxsubmerfionis,
1263 2207 1354 2255 quo
1410 2196 1539 2240 Hunc
1551 2195 1799 2244 B.Romani
1816 2192 2090 2259 Baptismum
2107 2192 2131 2240 ὲ
2146 2195 2300 2242 S.Lau-
2360 2195 2363 2245 j

472 2268 660 2319 totalem
672 2264 866 2330 corporis
880 2264 927 2310 in
940 2278 1106 2328 aquam
1120 2259 1362 2308 immerfi0-'
1418 2265 1559 2310 rentio
1579 2268 1799 2329 perastum
1815 2261 2090 2313 Vvalafridus
2108 2261 2264 2310 Strabo
2284 2290 2300 2314 ,
2359 2250 2362 2294 3

1419 2503 1451 2528 υ
1484 2474 1752 2521 Notandum
1767 2480 1856 2520 non
1872 2470 2014 2520 solum
2033 2469 2306 2538 mergendo5
2354 2474 2355 2479 ’

1420 2573 1451 2598 υ
1483 2544 1637 2593 verum
1670 2546 1803 2591 etiam
1833 2541 2010 2608 desuper
2038 2539 2266 2591 fundendo
2290 2570 2309 2597 ‚
2351 2571 2353 2584 i

479 2614 703 2664 occasione
719 2643 735 2667 ,
759 2613 943 2660 alteram
966 2612 1104 2678 placet
1130 2611 1366 2658 exhibere-2
1424 2643 1455 2667 „
1487 2615 1654 2661 multos
1670 2614 1916 2679 baptizatos
1931 2608 2048 2660 fuiffe
2066 2643 2082 2668 ,
2109 2609 2307 2660 &adhuc
2350 2627 2363 2667 ξπ

479 2688 701 2736 picturam
715 2713 730 2738 ‚
745 2700 832 2747 que
851 2683 1042 2731 multum
1058 2680 1082 2728 ὲ
1100 2683 1242 2747 prima
1257 2681 1362 2728 deli-
1374 2668 1449 2738 D„
1478 2681 1593 2749 posse
1609 2686 1669 2730 ita
1689 2683 1901 2748 baptizari
1921 2714 1935 2738 ,
1955 2681 1986 2729 si
2000 2679 2223 2729 neceffitas
2239 2678 2308 2736 sit,

480 2756 683 2804 neatione
701 2752 845 2800 differt
859 2784 875 2809 ,
892 2770 992 2799 cum
1005 2751 1207 2798 deteriori
1221 2750 1361 2798 modo
1420 2784 1451 2808 2,
1477 2753 1595 2800 sicuti
1610 2755 1655 2801 in
1671 2754 1866 2819 pastione
1884 2749 2155 2812 B.Laurentij
2170 2766 2310 2815 quen-

479 2825 695 2873 delineata
712 2838 945 2888 appareat,
975 2822 1161 2887 ideoque
1187 2836 1365 2888 rempo-

478 2913 521 2941 re
547 2892 784 2959 posterior.
798 2895 901 2940 Haec
917 2894 1103 2939 cernitur
1119 2893 1165 2937 in
1183 2891 1365 2938 Ecclesia

480 2968 519 3011 S.
537 2963 759 3025 ‚Laurentij
778 2976 896 3009 extra
928 2979 1079 3010 muros
1113 2960 1238 3009 Vrbis
1267 2961 1365 3008 sini-

483 3029 687 3080 strorsum
719 3032 812 3095 post
827 3036 968 3079 Ianuae
998 3029 1232 3096 ingreffum
1263 3048 1365 3079 cum

478 3100 575 3163 alijs
604 3099 665 3145 ibi
686 3101 799 3146 male
815 3100 1061 3149 efformatis
1076 3099 1222 3166 figuris
1256 3103 1365 3150 San-

481 3175 536 3217 cti
554 3170 757 3217 Laurenti
762 3186 777 3230 J
799 3170 936 3217 vitam
954 3170 1365 3219 demonstrantibus.

1422 2854 1452 2879 ῃ
1480 2823 1583 2870 darn
1600 2841 1726 2871 vrceo
1743 2824 1877 2870 allato
1897 2823 2084 2886 legimus
2107 2819 2307 2885 baptizavi

1424 2924 1455 2949 ³³
1488 2908 1582 2940 tum
1602 2927 1614 2939 .
1629 2897 1726 2940 Hoc
1744 2895 1875 2940 etiarn
1892 2892 1998 2939 solet
2013 2890 2305 2945 euenire2cum

1423 2994 1453 3020 2,
1481 2965 1804 3029 prouectiorum
1817 2958 2042 3027 granditas
2059 2976 2300 3025 corporum

1424 3064 1456 3090 ‚,
1482 3036 1527 3079 in
1546 3033 1790 3081 minoribus
1805 3029 1913 3079 valis
1939 3029 2172 3078 hominem
2194 3028 2306 3093 tingi

1421 3135 1454 3160 2,
1483 3120 1575 3150 non
1593 3105 1755 3168 patitur
1773 3139 1784 3150 .

1493 3178 1596 3235 Q?
1613 3168 1845 3235 posteriora
1860 3170 1990 3220 verba
2009 3172 2054 3218 in
2067 3169 2208 3218 allatis
2223 3165 2308 3215 sar-²

478 3244 533 3289 In
550 3237 741 3287 secundo
757 3239 912 3289 haruin
930 3239 1168 3309 figurarum
1183 3241 1336 3289 ordine
1352 3270 1369 3298 ‚
1424 3240 1634 3309 cophagis
1661 3241 1830 3305 optime
1847 3242 2120 3307 applicantur
2136 3270 2152 3296 ,
2181 3256 2308 3287 cum„
2330 3263 2342 3306 {f

2077 3307 2233 3358 Vtrius-
