2378 3674
410 262 522 311 IN
589 258 1116 312 SERMONE
1185 253 1735 305 5.L]:‘()NIS.
1992 269 2085 313 253

84 333 215 393 tavi3
253 334 414 399 rogavi
441 345 690 399 propterea
708 331 948 379 eruditum
974 333 1061 379 Vi·
1102 329 1318 396 fitperatis
1329 325 1563 392 gradibus,
1598 325 1748 391 quibus
1766 323 2086 391 adfitggeffum

86 420 190 452 rum
209 403 515 449 Laurentium
534 404 779 467 Zaccagna
807 397 1057 463 ejusdem-³
1121 395 1284 446 ARAE
1295 396 1529 461 superioris
1556 396 1797 462 ascenditur
1819 427 1835 448 ,
1884 397 2087 462 converso

84 471 389 523 'Bibliothecae
405 469 663 520 secundum
681 468 950 519 Praefectum
963 506 978 527 ,
1014 485 1065 517 ut
1116 480 1279 530 corpore
1293 465 1351 511 ad
1365 466 1596 532 nascentem
1605 466 1658 531 se
1679 465 1816 514 Solem
1837 462 2058 528 reflec‘iant
2072 500 2088 523 ,

84 542 206 591 mihi
224 542 409 608 copiam
432 538 632 599 faceret,
668 542 855 590 Indices
875 543 1062 606 perqui-
1114 539 1168 585 (J
1200 541 1401 584 curvatis
1430 534 1673 584 cervicibus
1698 540 1744 583 in
1779 536 1978 582 honorem
1995 534 2088 600 sed

86 612 221 661 rendi
239 633 254 671 3
290 612 368 659 ille
389 613 607 679 petitioni
627 629 741 660 mee
764 611 1060 677 perhumani-
1104 606 1334 671 splendidi
1354 604 1468 653 orbis
1483 608 1708 653 inclinent.
1730 602 1980 677 Qodfieri
1992 618 2091 668 par-

87 694 159 730 ter
191 678 381 728 indulsit
402 716 412 728 .
453 684 557 729 Nec
577 682 756 728 inutilis
782 679 874 727 fuit
901 697 1065 727 nova„
1118 680 1199 724 tim
1225 680 1473 743 ignorantie
1498 679 1618 723 vitio
1634 709 1649 730 ,
1677 679 1841 739 partim
1857 677 2092 741 paganita-

87 748 364 821 perquifitio
384 787 393 797 .
435 752 603 804 Unum
623 752 777 817 itaque
798 751 1065 798 invenimus
1119 751 1178 794 tis
1197 747 1362 812 spiritu
1376 781 1390 802 ,
1405 747 1580 793 multum
1601 742 1847 811 tabescimus
1865 779 1879 799 ,
1900 747 1955 792 ἐφ’
1976 744 2092 793 dole—

88 822 322 872 Codicern
343 817 574 889 signatum
597 838 791 869 numero
816 840 832 868 1
847 828 961 879 276.
985 839 1064 866 an-
1120 835 1210 864 mus
1229 853 1238 862 .
1276 815 1403 891 Qia
1436 814 1518 880 etsi
1528 815 1698 881 quidam
1714 811 1836 880 firte
1855 815 2096 863 Creatorem

92 906 139 941 te
157 891 384 939 ducentos
407 909 548 939 annos
568 888 793 957 scriptum
810 926 825 947 ,
864 892 910 936 in
938 896 1066 951 cujus
1113 891 1258 951 potius
1281 888 1454 950 pulchri
1475 887 1680 940 luminis,
1717 889 1838 950 quam
1871 885 2004 950 ipsum
2028 887 2092 933 lu—

89 963 252 1030 pagina
272 975 352 1019 39.
373 979 396 1007 a
419 973 549 1029 tergo
580 962 755 1027 legitur
776 978 870 1008 vox
892 961 1070 1008 ARCE
1123 976 1215 1004 men
1233 992 1247 1012 ,
1269 958 1378 1021 quod
1392 956 1458 1004 essi
1475 971 1662 1002 creatura
1677 989 1692 1010 ,
1712 970 2003 1014 venerantur3
2018 955 2092 1002 ab·

92 1030 262 1098 absque
281 1030 597 1099 diphthong03
614 1032 659 1077 in
679 1031 826 1079 altero
846 1029 958 1078 vero
977 1032 1069 1077 Co·
1125 1027 1366 1075 Hinena'um
1396 1044 1535 1074 tamen
1569 1026 1636 1073 ef?
1668 1023 1716 1070 ab
1747 1025 1836 1091 iPfh
1857 1025 2097 1092 hujusmodi

92 1102 197 1151 dice
232 1098 410 1168 signato
444 1118 641 1148 numero
681 1117 824 1159 1277.
866 1117 967 1167 pag.
991 1105 1071 1157 78.
1116 1098 1256 1164 specie
1270 1097 1400 1164 officii
1414 1131 1429 1151 ,
1465 1112 1585 1161 quam
1604 1097 1695 1142 cum
1722 1098 1766 1141 in
1785 1094 1944 1142 nostris
1959 1099 2091 1143 inve-

93 1173 318 1220 columna
341 1168 539 1219 secunda
559 1190 582 1217 a
602 1184 732 1236 tergo
750 1206 766 1227 ,
803 1189 826 1216 a
848 1168 923 1217 sex
939 1172 1075 1216 circi·
1131 1173 1198 1216 nit
1214 1203 1228 1223 ,
1267 1172 1338 1234 qui
1352 1167 1535 1215 Deorum
1555 1167 1708 1213 cultum
1726 1167 1931 1230 reliquit,
1959 1182 2094 1212 nonne

94 1256 165 1290 ter
194 1239 370 1289 saeculis
400 1254 609 1297 exarato,
629 1237 895 1306 patentibus
929 1240 1077 1287 literis

96 1308 333 1379 quaesitam
363 1311 548 1358 AREAE
579 1327 748 1358 vocem
783 1310 873 1376 legi
908 1345 922 1365 ‚
975 1326 1075 1374 quae

95 1380 230 1429 dubii
250 1378 555 1447 quaestionem
574 1380 742 1428 solvit.
762 1382 833 1428 De
853 1381 934 1426 hac
953 1397 976 1424 a
1002 1397 1075 1427 me

97 1450 311 1499 adhibita
331 1448 579 1518 diligentissi
599 1450 671 1498 Te
702 1462 884 1498 certum
916 1447 1078 1497 redde-

97 1539 146 1570 re
171 1519 317 1577 duxi,
355 1533 408 1567 ut
439 1518 568 1578 scias,
587 1521 633 1566 in
664 1520 748 1567 hac
765 1537 882 1568 voce
903 1515 1078 1582 versalia

98 1586 343 1658 irrepsisse,
359 1591 408 1640 ὃς
425 1589 668 1657 quomodo
689 1590 767 1637 illa
786 1588 978 1656 legenda
1006 1586 1078 1646 fit,
1096 1600 1111 1606 ‘

99 1660 447 1710 animadvertas
468 1697 478 1707 .
529 1664 656 1709 Nam
689 1677 778 1706 una
819 1661 1078 1716 literula..‚,

101 1727 416 1782 Amanuenfis
448 1727 626 1778 incuriz'i
650 1727 809 1778 omissa
827 1764 843 1786 ,
879 1743 1077 1778 totum„

100 1804 329 1851 immutat
353 1798 536 1848 sensum
555 1836 570 1857 ,
592 1813 644 1847 ut
659 1797 907 1849 clariffime
927 1817 984 1848 ex
1003 1802 1075 1848 in—

100 1869 387 1921 fradicendis
406 1867 652 1938 apparebit
670 1907 680 1917 .

175 1946 275 1990 Ara
295 1942 439 2008 igitur
459 1942 588 1989 locus
603 1938 668 1988 est
686 1942 764 1988 ille
785 1975 800 1997 ,
823 1942 865 1987 in
886 1958 978 2006 quo
1002 1943 1080 1988 Sa-

105 2030 183 2060 cra
198 2015 300 2059 Deo
319 2009 579 2060 offeruntur
595 2032 609 2071 3
646 2013 772 2058 Area
789 2012 904 2058 vero
924 2013 1004 2058 illa
1021 2010 1085 2059 est

105 2083 350 2151 planities,
366 2100 465 2148 quae
484 2084 530 2128 in
546 2079 773 2128 scalarum
797 2078 1084 2138 summitate,

103 2150 386 2220 quandoque
407 2152 548 2217 etiam
569 2151 614 2196 in
634 2149 790 2199 medio
809 2186 825 2207 ,
849 2152 962 2198 acin
983 2151 1084 2198 aliis

107 2221 317 2291 partibus
344 2257 359 2279 ,
409 2219 519 2269 cum
545 2219 672 2269 scalae
701 2221 877 2268 multos
909 2218 1083 2269 habent

107 2292 276 2359 gradus
307 2327 323 2348 ,
373 2292 690 2358 interponitur
726 2326 741 2348 ,
789 2289 847 2337 ad
876 2291 992 2346 hoc,
1032 2303 1085 2338 ut

108 2357 406 2409 ascendentes
433 2379 515 2427 per
533 2362 633 2408 illas
656 2396 671 2417 ,
710 2374 904 2428 propter
935 2358 1085 2407 ascen-

109 2430 179 2479 siis
202 2426 554 2490 difficultatem,
571 2450 621 2478 ac
638 2428 846 2479 laborem
864 2467 879 2488 ,
918 2430 982 2478 ibi
1002 2431 1084 2479 ali-

111 2500 394 2567 quantulum
414 2497 602 2567 pausare
625 2501 838 2554 valeant.
856 2503 971 2549 Haec
988 2518 1083 2548 vox

115 2570 279 2618 ARAE
312 2570 486 2637 legitur
526 2571 570 2615 in
601 2573 826 2618 Sermone
862 2589 906 2629 7.
935 2570 1087 2618 Sansti

114 2641 284 2688 Leonis
315 2640 445 2708 Papae
486 2638 543 2687 de
587 2641 852 2687 Nativitate
891 2641 1090 2687 Domini

114 2728 267 2778 cap.4.
289 2711 526 2757 Sermonis
550 2710 777 2775 particula
795 2706 856 2756 fic
875 2708 919 2757 se
938 2708 1089 2758 habet:

115 2782 184 2831 De
199 2779 356 2829 talibus
378 2780 599 2830 infiitutis
615 2783 744 2828 etiam
767 2782 847 2828 illa
859 2797 1087 2848 generatur

115 2855 310 2918 impietas
327 2886 342 2908 ,
378 2868 426 2900 ut
442 2850 521 2900 Sol
534 2851 794 2898 inchoatione
811 2850 970 2899 diurne
982 2852 1088 2899 lucis

115 2939 324 2990 exurgens
358 2956 372 2977 ,
421 2937 445 2967 a
461 2919 708 2988 quibusdam
723 2918 1085 2986 instpientioribus

115 2993 168 3041 de
195 2993 293 3042 locis
322 2989 671 3040 eminentioribus
703 2990 896 3039 adoretur
923 3013 933 3039 :
981 2990 1092 3058 quod

119 3064 317 3111 nonnulli
332 3066 460 3109 etiam
477 3064 516 3113 C
519 3061 733 3110 hrifc'iani
747 3060 844 3108 adeo
851 3062 902 3129 se
916 3064 1087 3128 religio-

1129 1241 1235 1287 hanc
1262 1240 1405 1305 secum
1446 1250 1611 1299 partem
1644 1239 1855 1299 opinionis
1881 1235 2099 1291 vetufiae,

1127 1325 1337 1373 tamquam
1363 1305 1622 1370 probabilem
1648 1303 1904 1359 retentabit,
1943 1320 2101 1368 quam„

1130 1382 1167 1430 C
1171 1378 1401 1427 hristianis
1420 1410 1434 1431 ‚
1472 1378 1526 1424 ἐν
1541 1377 1689 1438 impiis
1708 1373 1880 1422 viderit
1898 1373 1975 1438 effe
1992 1392 2101 1420 com-

1131 1457 1327 1498 munem?
1366 1444 1618 1510 Abjiciatur
1646 1462 1740 1510 ergo
1768 1443 2103 1508 aconfitetudine

1131 1520 1343 1569 Fidelium
1365 1514 1604 1565 damnanda
1612 1511 1879 1580 perversitas
1895 1546 1911 1567 ,
1944 1531 2014 1560 nec
2029 1513 2101 1560 ho-

1132 1610 1207 1638 nor
1238 1592 1315 1637 uni
1340 1587 1430 1636 Deo
1456 1585 1622 1634 debitus
1642 1601 1776 1631 eorum
1803 1580 1961 1629 ritibus·
1978 1616 1994 1637 ‚
2030 1587 2107 1648 qui

1131 1664 1333 1708 creaturis
1354 1657 1608 1724 deserviunt
1621 1690 1635 1711 ,
1675 1654 1894 1721 misceatur
1907 1687 1917 1696 .

1217 1729 1314 1779 Hic
1345 1732 1444 1788 jure
1465 1726 1535 1773 Te
1559 1720 1957 1790 obstupescentem
1992 1721 2108 1768 mihi

1136 1800 1304 1848 videor
1332 1797 1499 1844 intueri
1534 1832 1548 1852 ,
1598 1807 1694 1840 tam
1714 1805 1953 1860 parentem
1984 1808 2108 1839 erro-

1136 1887 1234 1918 rem
1254 1868 1310 1916 ab
1332 1866 1537 1913 Eruditis
1558 1865 1708 1920 Viris,
1725 1864 1804 1928 qui
1824 1861 1978 1909 Sansti
1993 1862 2107 1910 Leo·

1135 1940 1205 1988 nis
1231 1942 1388 2006 Opera
1424 1936 1596 2002 pluries
1632 1932 1820 1981 edidere
1850 1967 1865 1987 ‚
1913 1931 2110 1980 minime<

1136 2007 1440 2057 observatum
1458 2000 1603 2051 fuisse.
1629 2006 1704 2051 Ne
1727 2001 1992 2068 dedigneris
2007 2019 2116 2067 pro.-

1138 2094 1295 2147 pterea
1313 2077 1509 2125 brevem
1529 2089 1712 2120 moram
1730 2073 1822 2119 tuis
1850 2074 2116 2137 interponeu

1137 2167 1185 2196 re
1205 2147 1363 2195 studiis
1383 2181 1398 2202 ,
1435 2163 1485 2191 ac
1512 2160 1563 2190 ea
1586 2177 1602 2198 ,
1640 2159 1739 2207 quae
1769 2138 1868 2208 post
1889 2138 2022 2207 supra
2044 2158 2113 2189 re-

1136 2220 1250 2266 latas
1288 2214 1611 2283 indagationes
1646 2211 1928 2259 eruditionis
1964 2208 2116 2276 gratia

1138 2289 1361 2343 exaravi,
1398 2284 1550 2332 amico
1573 2282 1726 2348 legere
1745 2282 1901 2326 animo
1922 2314 1932 2325 .

1206 2358 1364 2404 Primo
1385 2355 1533 2422 igitur
1554 2352 1657 2399 loco
1684 2349 1742 2397 ad
1767 2351 2004 2399 Vaticana?
2026 2351 2112 2395 Ea-·

1138 2424 1275 2475 filicae
1295 2425 1461 2473 scalam
1486 2439 1562 2470 me
1578 2433 1825 2477 converto,
1841 2435 1982 2485 quam
2004 2436 2117 2485 prae·

1141 2496 1369 2565 grandem
1391 2488 1522 2541 fuisse
1541 2491 1692 2558 reperi
1727 2526 1743 2547 ,
1780 2494 1907 2551 cujus
1929 2489 2119 2554 triginta

1142 2569 1350 2633 quinque
1371 2562 1624 2612 marmorei
1651 2559 1822 2629 gradus
1840 2558 1896 2606 ad
1917 2556 2120 2606 Basilice

1143 2637 1431 2705 superiorem
1456 2635 1631 2680 Aream
1663 2627 1927 2697 praebebant
1964 2624 2120 2675 ascen-

1143 2705 1246 2754 sum
1259 2742 1275 2764 ,
1296 2706 1468 2772 quique
1491 2703 1536 2748 in
1552 2702 1756 2766 quinque
1771 2699 1956 2746 ordines
1974 2694 2125 2745 distri-

1143 2776 1245 2824 buti
1265 2787 1414 2830 erant,
1434 2774 1495 2818 ita
1515 2784 1567 2816 ut
1584 2767 1785 2836 quilibet
1805 2768 1923 2817 ordo
1942 2764 2125 2834 septem

1139 2845 1372 2894 constaret
1398 2837 1619 2909 gradibus
1647 2860 1661 2899 3
1711 2856 1819 2885 nam
1856 2836 2121 2886 Architecti

1140 2919 1186 2963 in
1204 2913 1440 2982 graduum
1453 2907 1783 2957 distributione
1800 2909 2030 2976 imparem
2046 2924 2124 2951 nn-

1143 3002 1331 3034 merum
1347 2979 1631 3039 observant3
1668 2993 1833 3025 natura
1851 2979 1976 3026 enim
2003 2973 2120 3024 sem-

1141 3073 1224 3123 per
1243 3091 1259 3112 ,
1295 3051 1406 3101 cum
1426 3047 1717 3097 ascendimus
1735 3084 1752 3105 ,
1789 3047 1848 3096 ad
1884 3043 2119 3095 sinistrum

120 3130 311 3199 sefhcere
322 3146 474 3196 putant
487 3168 501 3188 ,
538 3149 584 3180 ut
593 3133 839 3199 priusquam
856 3133 916 3179 ad
927 3133 980 3182 B.
998 3132 1082 3181 Pe·
1141 3124 1311 3193 pedem
1328 3119 1483 3191 primo
1500 3118 1794 3167 movendum
1811 3136 1892 3165 nos
1909 3117 2119 3193 inclinat,

116 3207 178 3250 tri
194 3203 394 3267 Apofc'oli
408 3201 660 3270 Bastlicam,
699 3220 782 3269 quae
799 3206 875 3250 uni
891 3202 982 3250 Deo
1002 3205 1082 3250 ‘vi-
1136 3198 1185 3246 &
1205 3196 1248 3241 in
1268 3192 1439 3242 eodem
1459 3188 1659 3258 gradum
1691 3189 1973 3255 plerumque
2001 3182 2115 3232 fisti-

119 3290 181 3331 vo
197 3305 212 3328 2
249 3275 302 3321 ὼ·
315 3292 424 3324 vero
440 3273 506 3323 eft*
535 3272 728 3324 dedicata
742 3307 757 3330 ,
785 3276 1052 3336 perveniant
1066 3305 1082 3327 ,
1140 3282 1245 3315 mus
1261 3285 1276 3326 3
1293 3261 1419 3312 unde
1439 3258 1474 3309 fi
1487 3259 1660 3329 gradus
1674 3276 1805 3326 pares
1826 3256 1931 3316 ΗΜ,
1949 3254 2118 3304 demes

2042 3340 2115 3390 PCS
