2378 3674
242 266 265 293 2
278 252 343 296 26

378 380 665 433 PRIMUM
703 379 1035 430 EMBLEMA
1053 416 1064 427 0

314 1225 583 1294 Peripheria
603 1224 724 1280 haec,
743 1236 816 1272 tot
845 1221 1016 1272 referta
1034 1221 1194 1292 figuris
1211 1258 1227 1280 ,

243 1301 292 1347 in
309 1298 524 1345 Pontiani
542 1295 839 1345 Coemeterio
858 1297 1015 1361 paucis
1036 1294 1093 1341 ab
1116 1295 1224 1341 hinc

241 1368 372 1417 annis
387 1380 569 1434 reperta
588 1365 707 1425 fuit3
735 1363 856 1412 unde
877 1383 963 1433 ego
989 1365 1192 1428 conjicio
1207 1400 1223 1423 ,

241 1440 288 1487 in
310 1437 506 1498 alicujus
527 1434 786 1491 fictilis,aut
806 1435 952 1501 lignei
972 1433 1090 1484 vasis
1111 1435 1224 1492 ima,

241 1508 551 1573 interiorique
573 1518 700 1573 parte
721 1502 992 1563 immissam,
1013 1506 1221 1554 colloca-

241 1592 433 1644 tamque
452 1573 583 1625 fuisse
600 1612 615 1635 ,
633 1575 689 1624 eC)
705 1574 835 1641 quod
852 1575 1126 1625 Christianae
1147 1594 1220 1624 re-

244 1648 432 1717 ligionis
462 1646 584 1714 apud
607 1646 822 1711 antiquos
842 1646 1025 1696 Fideles
1046 1643 1224 1702 tessera,

242 1717 340 1777 five
375 1717 797 1785 hieroglyphicum
831 1713 942 1766 esset
973 1752 988 1775 ,
1027 1730 1080 1766 ut
1108 1713 1228 1766 infra

244 1787 490 1838 ostendam
513 1824 523 1834 .

312 1863 513 1909 Veteres
536 1854 875 1908 Christifideles
891 1858 937 1905 in
955 1856 1110 1908 cordis
1127 1855 1232 1904 fim-

243 1931 484 1999 plicitate,
523 1925 738 1996 pacisque
764 1929 1040 1978 amoenitate
1066 1929 1231 1977 viven-

244 2017 345 2058 tes,
374 1999 432 2047 ad
466 1997 729 2047 habendam
762 2013 979 2048 mutuam
1013 1998 1079 2046 sui
1107 1996 1225 2065 ipso-

245 2089 353 2120 rum
381 2070 674 2136 agnitionem
696 2103 711 2126 ,
745 2067 841 2118 five
867 2071 1227 2137 cognitionem,

243 2138 524 2208 quibusdam
545 2138 858 2205 peculiaribus
878 2138 1049 2188 tesseris
1069 2176 1084 2197 ,
1122 2137 1229 2186 fibi-

245 2223 344 2259 met
375 2207 479 2278 ipsis
506 2208 810 2258 solummodo
836 2212 956 2258 notis
976 2247 992 2268 ,
1032 2208 1229 2259 uteban-

246 2296 323 2330 tur
352 2316 362 2327 .
404 2283 535 2329 Inter
564 2297 676 2346 quas
713 2278 903 2349 praesens
935 2280 1229 2329 Einblema„

247 2368 536 2400 connumero
555 2386 565 2396 .

242 2476 245 2478 ,
317 2417 665 2484 Hujuscemodi
701 2417 884 2471 tesseras
917 2423 1149 2490 praecipu&
1183 2423 1228 2469 in

246 2489 491 2541 Calicibus
524 2491 570 2536 in
602 2486 682 2537 usu
710 2489 839 2540 fuisse
870 2493 1087 2541 existimo
1123 2514 1136 2553 3
1175 2505 1228 2539 ut

245 2560 428 2612 Fideles
457 2561 501 2607 in
532 2558 871 2628 preciosissimo
900 2561 1017 2629 Jesu
1051 2559 1226 2613 Christi

245 2632 583 2698 Redemptoris
600 2630 738 2678 nostri
762 2628 980 2698 sanguine
1000 2652 1024 2678 a
1045 2633 1224 2682 Calici-

248 2702 332 2749 bus
350 2700 607 2750 delibando
624 2736 640 2757 ,
663 2698 802 2768 ipsius
831 2705 1088 2752 Salvatoris
1106 2739 1122 2760 ,
1149 2714 1228 2748 aut

246 2773 448 2839 antiquae
463 2808 479 2830 ‚
500 2769 579 2828 seu
597 2789 730 2819 novae
760 2774 873 2840 legis
903 2775 1093 2820 Parrum
1111 2808 1126 2830 ,
1146 2789 1225 2820 eo-

244 2859 478 2908 rumque,
511 2844 590 2908 qui
627 2859 710 2909 pro
732 2842 905 2891 Christi
938 2861 1099 2892 amore
1131 2841 1226 2889 san-

245 2914 438 2980 guinem
458 2911 720 2969 effundere,
735 2932 785 2961 ac
803 2915 1107 2981 Martyrium
1129 2912 1229 2959 sub·-

247 2984 315 3032 ire
349 3000 443 3030 non
478 2981 834 3040 detrectarunt,
863 2985 1122 3051 imaginem
1158 2986 1224 3030 in-

247 3050 561 3119 trospicerent
591 3089 604 3109 ,
645 3051 860 3119 illiusque
913 3067 1226 3103 renovaretur

252 3125 514 3180 memoria,
549 3121 637 3188 quei
672 3125 717 3170 in
753 3121 858 3191 ipsis
889 3123 1132 3173 fidelibus
1159 3141 1228 3170 ar-

252 3189 338 3237 dor
356 3227 370 3247 ,
395 3191 694 3253 &fortitudo
716 3193 772 3240 ad
807 3193 1122 3259 profitendam
1149 3195 1225 3243 Fi-

251 3259 361 3308 dem
390 3263 533 3327 magis
560 3262 892 3312 accenderetur
910 3301 919 3311 .

639 240 735 291 DE
784 239 1137 293 DUOBUS
1181 236 1886 298 EMBLEMATIBUS

1351 312 1536 359 Calices
1553 310 1661 361 istos
1689 329 1747 360 ex
1767 317 1898 362 omni
1931 315 2130 364 materia
2158 336 2266 367 con-

1281 380 1427 430 feffiios
1455 377 1584 430 fuisse
1621 395 1838 450 putarem
1860 419 1876 442 ‚
1917 402 2119 451 quorum
2149 405 2267 435 non-u

1285 453 1416 501 nulla
1433 448 1698 519 fragmenta
1718 451 1776 500 ab
1803 455 2037 522 Aringhio
2064 459 2112 504 in
2148 455 2270 506 sua„

1284 525 1440 571 Roma
1477 521 1789 572 Subterranea
1819 522 1902 572 lib.
1923 542 1969 587 4.
1992 543 2089 592 cap.
2117 541 2195 587 37.
2220 529 2271 579 ὃς

1284 611 1367 658 47.
1383 593 1437 642 v&
1457 590 1785 661 li'b.6.cap.50.
1807 600 2268 661 exponuntur.Alio-

1284 680 1394 711 rum
1412 660 1528 711 vero
1549 661 1778 712 similium
1801 665 2021 714 Calicum
2040 660 2270 732 fragmen-u

1283 747 1330 782 ta
1359 731 1530 782 eodem
1561 737 1607 781 in
1649 736 1859 782 Cimelio
1899 733 2268 785 Eminentiffimi

1284 804 1506 872 Carpinei
1524 838 1540 860 ,
1557 805 1673 851 acin
1692 806 1785 853 alio
1811 806 1954 852 etiam
1971 803 2145 853 celebri
2164 807 2267 853 Fla—

1285 875 1356 923 vii
1387 872 1657 922 Cardinalis
1693 872 1838 922 Chifii
1858 910 1874 930 ,
1896 876 2152 943 Signaturae
2175 912 2192 933 ,
2218 891 2270 924 ut

1286 957 1457 993 vocant
1475 942 1701 1012 ,Justitiae
1719 943 1924 993 Praefecli
1947 983 1961 1005 ,
1988 961 2148 993 rerum
2167 965 2267 995 omm

1284 1017 1421 1063 nium
1447 1014 1562 1082 pene
1580 1015 1787 1062 dixerim
1806 1050 1821 1071 ,
1840 1016 2067 1063 varietate
2085 1010 2236 1065 ditato
2251 1054 2267 1075 ,

1286 1081 1597 1134 asservantur.
1615 1086 1732 1150 Qae
1751 1086 1971 1134 Calicum
2007 1081 2271 1152 fragmenta

1285 1152 1426 1203 ambo
1482 1152 1552 1203 isti
1604 1153 1982 1204 Eminentissimi
2038 1157 2272 1216 Domini,

1282 1229 1423 1294 quam
1457 1224 1790 1273 humanissime
1825 1226 1942 1273 mihi
1985 1225 2264 1276 delineanda.

1279 1294 1518 1364 praebudre
1537 1331 1552 1351 ,
1570 1290 1763 1362 quaeque
1782 1332 1796 1353 ,
1815 1298 1916 1344 Deo
1936 1297 2266 1364 permittente,
2331 1343 2334 1347 .

1279 1370 1327 1415 in
1347 1367 1504 1414 lucem
1524 1361 1767 1415 emiffusus
1800 1364 1899 1415 sum
1917 1403 1927 1414 .

1350 1439 1466 1485 Haec
1484 1454 1586 1485 mea
1605 1435 1661 1484 de
1681 1435 1920 1485 Calicibus
1941 1434 2142 1493 assertio,
2159 1455 2267 1503 gra-

1277 1505 1459 1558 vissimi
1477 1507 1603 1554 illius
1623 1507 1879 1573 primitivae
1898 1505 2112 1555 Ecclesia:
2144 1510 2264 1555 beri-

1278 1579 1424 1647 ptoris
1459 1577 1747 1627 Tertulliani
1785 1580 2065 1626 auctoritate
2108 1574 2265 1626 firma-2

1280 1664 1354 1698 tur
1375 1684 1384 1694 .
1416 1645 1520 1715 Ipse
1539 1648 1666 1696 enirn
1698 1644 1780 1693 lib.
1808 1647 1867 1695 de
1884 1647 2117 1695 Pudicitia
2148 1665 2191 1693 n.
2215 1668 2260 1708 7.

1280 1717 1341 1768 sic
1363 1719 1538 1783 inquit:
1576 1718 1615 1766 A
1627 1717 1845 1782 parabolis
1873 1717 2020 1768 licebit
2045 1721 2233 1784 incipias
2248 1756 2265 1777 ,

1281 1790 1353 1840 ubi
1371 1791 1438 1839 εἶτ’
1461 1793 1563 1840 ovis
1575 1789 1749 1852 perdita
1766 1806 1789 1834 a
1811 1789 1994 1839 Domino
2027 1789 2229 1857 requifita
2246 1827 2263 1848 ,

1285 1865 1338 1912 ΞΤ
1357 1862 1544 1910 humeris
1571 1865 1660 1925 ejus
1674 1859 1881 1909 reveft'a?
1909 1860 2144 1911 Procedant
2170 1863 2266 1929 ipsae

1277 1931 1455 2000 pitsius-ie
1477 1933 1515 1982 C
1518 1932 1672 1979 alicam
1690 1932 1939 1979 ves—{rorum
1954 1967 1970 1987 ‚
1990 1930 2035 1994 fi
2046 1932 2131 1979 ‘vel
2141 1935 2188 1979 in
2207 1933 2264 1981 il-

1280 2007 1337 2055 lis
1348 2001 1585 2068 perlucebit
1601 2005 1893 2068 interpretatio
1912 2001 2087 2066 pecudis
2109 2003 2234 2050 illius
2249 2040 2265 2061 ,

1282 2090 1422 2123 utrum
1441 2091 1491 2121 ne
1505 2075 1543 2124 C
1547 2073 1768 2122 hristiano
1781 2108 1795 2129 ,
1812 2090 1865 2120 an
1879 2071 2258 2134 Ethnicopeccaso-

1282 2149 1325 2193 ri
1360 2145 1411 2193 dc
1446 2145 1722 2193 restitucione
1756 2143 1963 2191 conliniet
1995 2177 2004 2188 .
2046 2143 2104 2187 Et
2142 2138 2261 2190 infra

1284 2233 1416 2263 num.
1430 2233 1447 2261 1
1461 2234 1504 2262 0.
1528 2213 1878 2264 Patrocinabitur
1893 2213 2051 2263 Pastor
2064 2245 2079 2267 ‚
2105 2230 2262 2278 quem-2

1280 2292 1329 2336 in
1346 2286 1492 2337 Calice
1508 2284 1720 2352 depingis.
1743 2285 1884 2332 Tanti
1906 2284 2158 2349 Scriptoris
2182 2299 2261 2327 au—

1283 2357 1500 2414 &oritas,
1522 2373 1614 2402 non
1650 2352 1800 2401 solum
1824 2370 2007 2400 morem
2036 2351 2264 2418 pingendi

1284 2427 1470 2477 Calices
1488 2422 1621 2471 nobis
1646 2421 1871 2490 patefacit
1887 2458 1903 2478 ,
1924 2419 2096 2470 verum
2118 2422 2264 2470 etiam

1281 2495 1553 2565 primariam
1576 2491 1714 2560 ipsius
1741 2492 2050 2541 Emblematis
2065 2489 2266 2559 figuram

1282 2565 1486 2632 explicat
1505 2599 1520 2620 ,
1546 2562 1637 2629 quav
1657 2581 1826 2630 nempe
1855 2560 2066 2612 Christus
2094 2563 2262 2610 Domi-

1280 2654 1363 2683 nus
1399 2633 1568 2681 Noster
1600 2629 1681 2681 sub
1707 2632 1902 2682 Pastoris
1937 2629 2089 2681 forma
2110 2634 2266 2699 expri-

1280 2707 1456 2760 mitur,
1476 2705 1718 2753 inventam
1750 2717 1983 2753 errantem
2016 2719 2158 2750 ovem
2188 2699 2262 2749 su-

1281 2793 1363 2844 per
1382 2775 1602 2822 humeros
1620 2774 1800 2841 gestans
1816 2810 1826 2821 .
1848 2776 1965 2823 Haec
1991 2775 2152 2820 eadem
2169 2790 2263 2819 ma-

1281 2847 1361 2915 gni
1383 2843 1752 2893 Mediolanensis
1785 2842 2021 2892 Antistitis
2051 2841 2256 2891 testimo-

1279 2919 1359 2964 nio
1384 2914 1788 2981 comprobantur,
1820 2916 1900 2980 qui
1935 2915 1980 2962 in
2013 2913 2262 2961 enarratio-

1280 3005 1336 3034 ne
1369 2984 1506 3051 super
1530 2982 1643 3032 Psal.
1668 3005 1685 3033 1
1705 2991 1777 3034 18.
1810 2984 1992 3033 sacrum
2020 2984 2107 3031 hoc
2139 2998 2261 3027 arca-

1279 3075 1393 3105 num
1413 3056 1672 3111 declarans,
1692 3054 1752 3104 fic
1769 3056 1834 3102 ait
1853 3056 2074 3120 :Denique
2087 3056 2252 3099 inven-

1280 3144 1369 3176 tam
1403 3126 1564 3175 Passlor
1593 3145 1717 3173 ovem
1742 3128 1930 3175 humeris
1958 3123 2258 3189 inzponicfitis.

1281 3197 1494 3266 Agnoscis
1513 3200 1657 3262 utique
1677 3193 2140 3262 myfferium‚quomodo
2155 3196 2260 3240 ovis

1280 3268 1384 3336 lqffit
1402 3268 1616 3333 reficiatur
1628 3300 1643 3323 ‚
1663 3271 1763 3333 quia
1788 3285 1868 3314 non
1876 3265 2021 3330 potes}
2037 3267 2164 3315 aliter
2182 3265 2259 3311 bu-

2140 3348 2264 3383 mana
