2378 3674
686 295 1192 353 CAPUT

62 367 253 417 obelisci
285 364 432 413 bafitn
458 365 726 415 occultabat
749 401 766 423 ,
794 384 886 415 non
920 368 1037 415 Leo-

61 457 139 486 nes
156 474 173 496 ‚
204 435 280 485 sed
304 437 496 484 illorum
524 439 630 485 loco
652 436 905 503 astragulos
930 433 1039 483 fuis-

58 506 107 558 se
127 519 332 574 repertos
356 542 366 552 .

114 579 384 644 172.Juxta
397 576 484 624 hoc
504 573 723 625 sacellum
738 574 919 625 Callisti
940 578 1033 624 III.

60 646 225 695 videre
243 659 340 695 erat
353 647 556 695 alterum
569 646 788 693 BMariae
806 644 863 692 de
879 643 1036 692 Febri-

59 714 145 764 bus
178 729 502 784 nuncupatum
517 750 534 772 ,
550 714 677 780 quod
705 716 1033 781 praecipuuiru,

55 784 169 842 fuir,
187 787 237 836 δε
253 788 342 833 toti
363 784 569 850 Templo
593 801 764 832 nomen
793 781 1032 850 imposuit.

58 860 116 905 In
148 861 246 917 ejus
270 855 449 902 Altaris
482 855 659 921 pariete
688 850 1035 919 antiquiffima,

57 945 109 973 ac
139 925 330 971 summae
362 925 681 972 venerationis
714 925 859 971 inerat
878 924 1035 992 imago

58 993 281 1044 BMariae
295 994 505 1061 Virginis
523 995 694 1042 Filium
713 994 1039 1060 amplexantis;

54 1066 106 1114 ὃς
119 1064 224 1110 hinc
240 1061 514 1130 inde,paul<*)
531 1060 1037 1121 inferiusfflontificum,

57 1132 390 1184 Cardinalium
411 1169 426 1190 ,
454 1137 643 1201 Regum
668 1168 683 1189 ,
712 1133 1037 1199 aliorumque,

57 1219 156 1252 tam
176 1200 482 1251 Ecclesiastici
499 1239 515 1260 ,
533 1205 673 1268 quam
694 1203 891 1249 Laicalis
908 1203 1036 1250 ordi-

58 1277 128 1322 nis
149 1272 386 1321 nobilium
406 1274 638 1322 Virorum
658 1309 675 1329 ,
700 1286 838 1338 atque
867 1272 1034 1319 mulie-

58 1361 166 1392 rum
184 1379 201 1401 ‚
235 1344 326 1390 Dei
353 1344 590 1392 Genitrici
619 1342 664 1391 se
703 1341 1032 1391 commendan-

56 1416 182 1461 tium
210 1413 432 1480 imagines
450 1449 460 1458 .
496 1414 612 1461 Haec
644 1425 802 1460 autem
824 1411 1037 1480 pictura,

58 1481 263 1531 Basilica?
303 1483 558 1530 secretario
590 1480 784 1544 disjecto
811 1517 828 1539 ,
866 1482 916 1531 &
951 1482 1039 1528 hoc

58 1554 271 1620 Templo
302 1554 349 1598 in
379 1553 642 1599 Sacrarium
661 1552 891 1609 cedente,
926 1567 1037 1598 cum

57 1638 161 1671 toto
185 1623 359 1690 pariete
387 1618 546 1669 avulsa
566 1657 582 1678 ,
604 1627 734 1684 juxta
758 1623 1041 1672 Oratorium

56 1697 101 1741 S.
122 1692 377 1758 Gregorii,
415 1692 633 1739 translata
665 1689 757 1738 fuit
773 1727 783 1738 .
817 1692 887 1737 Ex
910 1708 1040 1757 qua-2

55 1763 359 1810 translatione
382 1761 555 1808 accidit
571 1796 586 1817 ,
610 1774 663 1807 ut
688 1760 911 1808 sacellum
944 1796 959 1818 ‚
987 1763 1037 1809 ὃί

59 1833 324 1899 Templum
347 1834 389 1878 S.
408 1832 571 1878 Mariae
595 1829 652 1878 de
671 1828 893 1878 Febribus
911 1865 928 1886 ‚
957 1831 1036 1876 Sa·-

58 1904 264 1950 crarium
289 1898 491 1949 Basilica?
508 1901 822 1967 appellaretur
839 1936 849 1946 .

134 1986 243 2031 173.
283 1972 412 2019 Huic
438 1988 711 2037 proximum
754 1969 885 2016 aliud
917 1970 1035 2017 olim

57 2041 249 2090 extabat
268 2042 501 2088 Sacellum
518 2041 575 2088 ad
597 2038 1035 2105 Aquilonem,quod

56 2126 217 2160 tamen
234 2146 250 2168 ,
267 2114 342 2158 cui
363 2111 575 2158 dicatum
593 2109 703 2159 effer
716 2146 732 2167 ,
760 2107 956 2158 omnino
973 2110 1035 2155 la-

57 2180 187 2230 tebat
208 2217 217 2227 .
247 2186 300 2229 In
319 2198 372 2228 eo
389 2195 548 2228 autem
567 2182 699 2247 plura
713 2216 728 2237 ,
756 2180 1033 2247 egregiaque

59 2253 292 2299 Virorum
309 2248 563 2298 illustrium
589 2248 828 2317 sepulchra
847 2246 1032 2315 conspi-

61 2320 300 2368 ciebantur
328 2341 342 2380 ;
393 2318 558 2385 quibus
592 2319 762 2368 deinde
815 2321 860 2365 in
902 2319 1035 2380 hujus

63 2389 262 2454 Templi
294 2388 604 2438 demolitione
636 2389 838 2454 disjestis
858 2423 872 2445 ,
901 2388 1035 2434 cada-

61 2475 232 2507 verum
252 2454 313 2502 ibi
331 2461 581 2518 jacentium
607 2456 697 2507 ossa
718 2496 733 2517 ‚
761 2461 807 2506 in
829 2459 1036 2526 polyan-

62 2526 223 2574 drium
257 2524 340 2572 sub
358 2528 521 2576 Altare
543 2535 690 2591 majus
721 2547 855 2576 novae
878 2523 1037 2574 Basili-

63 2617 123 2645 cae
138 2632 154 2654 ,
169 2593 361 2643 fuerunt
384 2596 601 2645 decenter
623 2599 839 2645 translata
853 2633 865 2643 .

119 2687 136 2714 1
150 2685 227 2728 74.
261 2666 475 2730 Denique
495 2681 655 2714 contra
671 2666 1036 2733 Aquilonem‚&

20 2782 23 2783 a
62 2735 403 2790 Occidentem,
421 2733 708 2800 postremum
732 2733 1035 2784 Beneficiato-

64 2824 170 2853 rum
190 2841 205 2862 ,
222 2806 270 2855 &
288 2804 586 2852 Clericorum
605 2803 804 2853 Bafilicae
831 2820 930 2853 erat
961 2806 1037 2851 Sa-

62 2877 236 2923 cellum
253 2910 267 2931 ,
290 2870 590 2921 Sanctissimae
608 2874 1034 2941 Trinitatisindigi-

64 2957 235 3001 tatum,
253 2942 518 3009 Saiistisque
538 2942 837 3010 Martyribus
853 2941 1035 2993 Cosmae

64 3016 114 3065 &
147 3015 378 3063 Damiano
406 3010 613 3070 sacrum,
635 3033 684 3061 ac
713 3012 952 3080 splendide
977 3010 1032 3058 ab

63 3084 271 3134 Ansuino
301 3082 693 3132 Beneficiatorum
717 3084 873 3130 Priore
901 3083 1034 3130 dota-

63 3165 167 3200 tum
183 3189 192 3199 .
223 3156 383 3217 Hujus
411 3156 456 3200 in
475 3152 631 3201 medio
662 3151 744 3199 sub
764 3154 1034 3220 pavimento

62 3223 339 3271 eorumdem
366 3221 785 3281 Beneficiatorum,
811 3224 859 3273 ὃζ
889 3221 1039 3271 Cleri-

1326 297 1357 345 Ι
1387 299 1437 347 V.
2048 321 2065 350 1
2106 346 2110 351 .

1088 371 1219 428 juxta
1252 368 1483 433 parietes,
1510 369 1685 416 tumuli
1716 368 1913 416 lateritii
1946 319 2066 420 Alse-

1088 434 1254 482 xandri
1276 436 1517 503 VI-Papae,
1533 439 1585 487 ὅς’
1606 436 1876 486 Henricide
1898 439 2068 507 Borgia

1088 502 1354 554 Cardinalis
1365 539 1381 561 ‚
1395 506 1441 552 in
1456 504 1621 573 quibus
1644 525 1811 556 eorum
1825 524 2067 575 corporau,

1087 571 1269 636 jacuere
1285 608 1300 629 ,
1328 587 1580 641 antequam
1607 578 1656 624 in
1680 575 1901 625 sacellum
1921 581 2070 627 Calli—

1088 643 1141 691 sti
1160 646 1254 692 III.
1272 641 1604 704 deferrentur,
1632 660 1686 694 ut
1717 646 1850 714 supra
1867 653 1964 710 jam
1996 649 2068 698 di-

1086 714 1216 762 &um
1244 711 1309 760 est
1325 748 1334 759 .
1362 716 1478 762 Haec
1498 713 1556 763 de
1589 717 1676 764 hoc
1695 716 1933 783 Templo,
1962 736 2069 767 nec-

1088 801 1182 832 non
1201 782 1258 831 de
1276 784 1420 832 totius
1445 787 1638 834 Veteris
1669 785 1872 835 Bafilicae
1889 823 1906 844 ,
1926 788 2070 836 Tem-

1090 856 1374 921 plorumque
1407 853 1722 916 adjacentium
1749 856 1878 906 mole
1892 892 1909 914 ,
1926 858 1975 907 &
1994 875 2068 906 or-

1091 938 1203 970 natu
1221 922 1425 970 indicata
1443 923 1545 973 satis
1563 924 1790 993 superque
1807 927 2066 977 existimari

1091 991 1214 1060 posse
1235 991 1533 1054 arbitramur,
1550 1015 1574 1042 a
1592 995 1723 1044 nobis
1741 998 2069 1064 praecipue,qui

1090 1065 1186 1112 levi
1211 1063 1392 1112 calamo
1416 1064 1509 1112 haec
1540 1062 1844 1114 describenda
1870 1063 2066 1133 suscepi-

1088 1150 1191 1180 mus
1208 1168 1224 1190 ,
1247 1131 1355 1180 cum
1373 1134 1568 1200 plurimi
1603 1137 1777 1203 egregii
1810 1137 2067 1203 Scriptores

1088 1220 1181 1250 non
1197 1198 1350 1249 defint
1363 1236 1380 1259 ,
1396 1205 1476 1268 qui
1511 1204 1928 1262 luculentiffimos,
1960 1206 2059 1272 ple·

1085 1268 1381 1335 niffimosque
1399 1272 1458 1319 de
1478 1269 1669 1319 Basilica
1689 1275 1862 1322 &Petri
1881 1309 1898 1331 ,
1934 1287 2063 1322 caete-

1087 1357 1243 1388 rarum
1275 1339 1531 1387 Christiani
1572 1340 1715 1390 Orbis
1753 1340 2064 1391 Ecclesiarum

1088 1407 1332 1478 splendore
1359 1444 1376 1466 ,
1409 1410 1459 1459 &
1489 1409 1678 1478 augustii
1715 1408 2063 1481 magnificentia}

1090 1482 1223 1550 praeci
1228 1476 1320 1547 puz‘i
1340 1514 1357 1536 ‚
1375 1479 1594 1530 tractatus
1611 1480 1848 1530 ediderint
1865 1519 1875 1530 .

1245 1618 1652 1671 SECTIO
1727 1625 1897 1673 XIV.

1123 1761 1193 1811 De
1210 1760 1488 1810 exterioribus
1496 1761 1696 1824 partibus
1722 1761 1781 1809 ad
1796 1752 2023 1831 Rfilieam

1283 1832 1534 1883 Vaticanum
1547 1832 1873 1898 speirantibus.

1093 1970 1227 2099 H
1243 1966 1434 2017 AEfimus
1454 1969 1674 2018 hactenus
1692 1971 1738 2016 in
1753 1966 2063 2037 descriptione

1266 2040 1547 2086 interiorum
1572 2041 1776 2106 partium
1791 2039 1925 2102 hujus
1946 2037 2065 2088 Basi-

1087 2108 1204 2164 licae,
1221 2109 1365 2156 modo
1382 2122 1510 2156 extra
1529 2109 1747 2157 eamdem
1763 2110 2063 2176 vagemur‚&

1087 2177 1144 2224 ad
1169 2180 1552 2240 circumjacentes
1582 2179 1699 2226 aedes
1716 2213 1733 2233 ,
1759 2196 1858 2244 quae
1879 2197 1972 2226 non
2001 2178 2063 2227 ob

1087 2244 1362 2297 structuram
1376 2245 1904 2303 tantummodo,verum
1921 2249 2063 2296 etiam

1087 2315 1147 2363 ob
1172 2318 1475 2381 antiquorum
1502 2314 1896 2365 christifidelium
1922 2318 2066 2384 pieta-

1090 2399 1217 2444 tem,
1244 2404 1295 2433 ac
1319 2387 1562 2453 religionis
1590 2384 1828 2435 fervorem
1845 2421 1862 2443 ,
1889 2405 1982 2434 non
2015 2388 2064 2435 in

1090 2458 1245 2524 paucis
1274 2454 1675 2504 commendabiles
1717 2454 1825 2503 sunt
1855 2491 1872 2512 ,
1905 2456 2067 2504 oculos

1089 2540 1446 2574 convertamus.
1467 2526 1542 2578 Ut
1563 2526 1679 2573 vero
1708 2543 1807 2575 rem
1826 2522 1963 2572 altius
1984 2543 2061 2573 or-

1090 2597 1221 2654 diar,
1236 2614 1379 2662 pauca
1397 2594 1725 2663 praemittenda
1751 2595 1868 2642 mihi
1898 2592 2063 2642 viden-

1088 2680 1161 2714 tur
1177 2668 1235 2714 de
1256 2666 1603 2715 Monachorum
1636 2663 1901 2718 ordinibus,
1928 2676 2064 2728 atque

1089 2735 1300 2785 instituto
1318 2738 1364 2783 in
1390 2734 1574 2789 Urbem
1610 2731 1876 2781 introducto
1895 2766 1910 2788 ,
1936 2734 2059 2782 circa

1088 2823 1259 2854 annum
1292 2804 1465 2854 Christi
1498 2816 1613 2863 340.
1639 2801 1764 2866 quod
1786 2799 1848 2863 fic
1868 2804 2028 2850 evenit
2049 2838 2060 2849 .

1085 2873 1212 2924 Cum
1228 2869 1488 2921 Anastasius
1506 2870 1938 2919 Alexandrinorum
1954 2874 2063 2940 Epi-

1086 2943 1245 3009 scopus
1271 2940 1327 2987 ab
1343 2940 1554 2988 Arrianis
1576 2938 1654 2989 sue‘i
1671 2937 1777 2990 sede
1795 2937 1947 2990 fuisset
1964 2942 2061 3010 pul-

1087 3012 1158 3060 sus
1171 3046 1188 3069 ,
1216 3014 1423 3058 Romam
1440 3010 1602 3067 venit,
1636 3023 1774 3077 atque
1793 3009 1867 3058 hic
1885 3014 2058 3059 Mona-

1087 3082 1284 3129 chorum
1320 3080 1651 3147 AEgyptiorum
1686 3080 2025 3131 institutionem
2041 3116 2058 3139 ,

1086 3152 1137 3202 ὃ(
1163 3148 1489 3198 admirabilem
1507 3152 1658 3197 vitam
1678 3153 1841 3219 Magni
1858 3152 2056 3200 Antonii

1088 3219 1237 3267 adhuc
1255 3220 1461 3268 viventis
1494 3238 1518 3266 a
1543 3218 1588 3268 se
1605 3217 1886 3288 descriptam
1901 3257 1918 3279 ‚
1946 3238 2055 3289 pro-

61 3307 227 3340 corum
244 3288 433 3342 fuerunt
457 3291 727 3361 sepulchra;
756 3292 892 3361 supra
912 3288 1029 3341 vero
1081 3290 1337 3358 mulgavit.
1362 3292 1522 3356 Qiare
1548 3287 1711 3348 simul,
1734 3292 1784 3341 &
1813 3290 1872 3338 ad
1908 3290 2054 3339 devo-

134 3358 335 3413 Par.111.

1563 3363 1623 3409 Μ
1661 3378 1688 3407 2
1843 3360 2023 3409 tionem
2038 3393 2055 3419 2
