2378 3674
678 290 1066 341 CAPU

85 363 257 413 eodem
276 363 321 407 in
337 377 445 407 arcu
462 359 560 407 duae
579 358 924 427 conspiciantur
940 357 1066 407 fene-

85 435 182 481 strae
198 467 214 488 ‚
250 448 348 497 quae
370 426 607 477 musivum
627 428 912 477 mutilarunt
930 447 1064 496 opus,

81 499 386 566 ejusdemque
408 498 817 567 magnitudinis‚ac
835 501 936 547 aliae
954 501 1064 547 late-

83 572 632 638 rales,appareant,etiam
647 570 815 630 conjici
837 570 1064 625 valet,eo-

84 641 196 690 dem
208 654 422 707 tempore
435 675 450 695 ,
466 656 557 704 quo
574 639 785 686 laterales
801 635 930 686 fuere
949 656 1062 686 con·

84 710 263 758 structa?
278 745 294 767 ‚
315 707 554 757 aedificatas
573 703 704 754 fuisse
732 742 747 764 ‚
784 720 921 772 atque
942 708 1062 756 adeo

87 778 383 830 Constantini
399 795 499 824 aevo
521 774 795 844 posteriores
816 772 932 834 effe,
956 775 1064 824 cum

84 848 347 899 admodum
366 864 517 914 parvae
534 844 638 903 fint,
654 859 706 894 ut
726 845 1066 895 demonstravi-

83 937 187 967 mus
204 916 373 965 eodem
394 918 439 962 in
458 933 598 983 opere
615 916 672 964 de
692 930 837 965 veter.
855 919 1062 965 Monim.

84 1001 202 1056 part.
227 1007 266 1035 1.
286 1004 437 1054 cap.9.
456 986 678 1034 Praeterea
697 984 805 1034 cum
825 984 1065 1035 musivum

83 1075 198 1124 opus
219 1055 426 1104 absidam
450 1053 792 1123 respiciat,ide0
812 1071 918 1106 ante
937 1059 1064 1105 illius

84 1132 315 1189 majorem
350 1122 479 1174 fuiffe
504 1131 693 1188 januam
732 1128 940 1195 arguitur
958 1163 974 1184 ,
1012 1141 1064 1175 ut

83 1195 300 1246 omnibus
322 1197 367 1243 in
389 1193 592 1244 Basilicis
613 1194 850 1244 observari
881 1197 1062 1263 potest,

83 1266 164 1315 ubi
183 1265 337 1313 statim
364 1264 733 1333 ingredientibus
753 1263 932 1314 musiva
949 1285 1061 1334 ope-

84 1354 135 1383 ra
150 1334 398 1403 spectanda
430 1335 473 1383 se
492 1334 697 1403 praebent
714 1373 723 1383 .
757 1338 803 1383 Si
835 1337 977 1403 igitur
994 1342 1059 1400 ja-

85 1425 176 1453 nua
198 1409 243 1453 in
263 1404 391 1453 atesis
408 1404 658 1471 conspectu
676 1420 773 1455 erat
784 1443 800 1464 ,
814 1407 1065 1473 Presbyte-

86 1478 142 1523 rii
160 1474 462 1532 constructio,
477 1494 577 1542 quse
594 1495 716 1525 nunc
738 1475 922 1533 visitur,
940 1478 1064 1526 Pela-

85 1547 153 1615 gii
170 1547 370 1594 minime
385 1544 466 1602 est,
484 1543 592 1593 cum
609 1560 714 1595 ante
729 1543 972 1613 praefatum
993 1565 1060 1594 ar-

86 1634 198 1664 cum
215 1613 330 1664 absis
349 1613 424 1673 sit,
445 1629 583 1681 atque
600 1615 706 1665 ideo
721 1622 911 1679 januam
930 1636 954 1664 a
968 1631 1058 1665 ter-

82 1704 143 1753 go
163 1682 325 1733 absidis
350 1681 481 1733 fuisse
507 1684 690 1752 prorsus
724 1684 1061 1737 inverisimile„

83 1753 149 1804 est
170 1791 179 1800 .
217 1758 337 1803 Item
362 1756 653 1802 collaterales
686 1758 812 1803 muri
831 1757 1061 1805 alternato

83 1823 249 1874 ordine
270 1822 518 1873 constuisti
541 1822 672 1882 sunt,
698 1843 815 1874 unus
828 1825 1022 1892 quidem
1036 1844 1061 1874 e

84 1894 260 1960 tophis,
275 1895 392 1941 alter
410 1896 525 1944 vero
543 1912 566 1942 e
583 1894 824 1952 lateribus,
838 1914 888 1943 ac
904 1897 1060 1963 proin-⁴

84 1964 143 2012 de
162 1961 471 2012 Constantirio
484 2001 500 2022 ,
534 1966 584 2015 ὃς
601 1966 787 2033 Pelagio
808 1964 1062 2033 posteriora

85 2047 302 2101 tempora
326 2032 542 2083 redolent
572 2071 581 2082 .
623 2039 745 2083 Item
776 2053 936 2084 murus
963 2034 1063 2102 post

83 2103 291 2152 absidam
312 2102 623 2153 tumultuario
640 2104 928 2154 constructus
949 2124 972 2153 e
991 2105 1064 2153 di-

82 2172 217 2223 versa
238 2176 432 2223 materia
452 2174 629 2222 constat
645 2212 661 2233 ‚
679 2176 801 2225 unde
821 2177 1065 2224 collatera-

84 2243 205 2292 libus
226 2247 371 2292 muris
394 2244 618 2311 posterior
637 2243 890 2295 censendus
909 2244 989 2302 est,
1011 2265 1067 2294 ex

86 2314 361 2377 conjecturis
379 2332 461 2382 per
476 2333 558 2363 nos
587 2317 633 2362 in
653 2315 821 2365 eodem
845 2333 984 2384 opere
1006 2316 1064 2365 de

87 2395 237 2430 veter.
256 2387 459 2431 Monim.
478 2398 594 2453 part.
608 2406 646 2434 1.
663 2392 815 2454 cap.8.
833 2388 1060 2455 allegatis.

87 2453 160 2499 Ex
186 2452 322 2499 dietis
342 2454 483 2519 igitur
498 2461 598 2518 jure
616 2456 834 2505 concludi
851 2453 973 2525 poffe
994 2474 1065 2503 ar-

90 2519 242 2569 bitror
257 2556 272 2577 ,
290 2534 446 2568 toturn
464 2541 571 2572 eum
602 2525 837 2574 ambitum
855 2561 871 2583 ,
911 2528 957 2573 in
973 2545 1066 2593 quo

86 2590 443 2657 Presbyterium
459 2591 540 2650 est,
555 2594 905 2662 elegantiffimis
932 2598 1067 2644 colu-

88 2663 210 2709 mnis
228 2696 242 2717 ,
266 2663 479 2727 capitulis
494 2665 755 2713 Corinthiis
772 2667 879 2712 miri
896 2668 1067 2732 operis,

89 2732 307 2797 zophoris
327 2766 342 2787 ‚
362 2732 410 2780 ὅ(
426 2730 655 2800 epistyliis
675 2771 690 2793 ,
712 2754 761 2782 ac
780 2737 1067 2801 circumqua-

88 2819 178 2866 que
208 2799 401 2867 lapideis
426 2798 649 2851 sedilibus
686 2803 1032 2872 conspicuum„
1050 2842 1067 2863 ,

88 2888 182 2918 non
198 2890 221 2916 a
235 2871 524 2939 Pelagio‚led
542 2872 596 2919 ab
614 2873 859 2922 Hadriano
880 2878 917 2922 I.
935 2873 1065 2924 fuisse

89 2939 407 2989 constructum
421 2976 436 2998 ‚
453 2944 530 3007 qui
549 2945 761 3011 egregius
780 2941 992 2993 Pontifex
1007 2945 1064 2993 ad

90 3009 240 3062 Urbis
270 3007 460 3058 aedificia
490 3011 784 3060 restauranda
802 3011 1068 3082 summope-

91 3094 138 3126 re
156 3078 384 3136 addictus,
406 3085 549 3129 etiam
570 3081 695 3130 istius
712 3080 922 3130 Ecclefiae
940 3083 1066 3151 aspe-

90 3147 220 3195 &um
239 3168 296 3197 ex
312 3151 508 3200 Oriente
538 3155 584 3199 in
613 3153 930 3203 Occidentem
953 3172 1061 3202 ver-

89 3219 149 3263 tit
165 3250 181 3272 ,
216 3235 265 3265 ac
286 3221 332 3266 in
348 3238 404 3268 eo
426 3222 528 3270 loco
548 3229 776 3286 majorem
802 3224 1060 3271 collocavit

1139 286 1185 337 T
1324 289 1370 337 V
1394 286 1431 336 Ι.
2015 309 2034 338 1
2051 309 2068 339 1

1117 355 1215 405 sens
1244 370 1500 404 cernuntur
1529 355 1755 405 ambones
1773 391 1783 402 .
1825 357 1971 423 Qiod
1996 307 2113 409 Ha?

1117 427 1311 474 drianus
1347 424 1592 474 Basilicam
1626 428 1673 473 in
1714 427 1831 474 hanc
1868 428 2108 496 redegerit

1116 493 1321 544 formam
1342 530 1358 552 ‚
1393 513 1451 544 ex
1479 496 1668 545 laudato
1686 495 1948 544 Pontificali
1981 499 2105 549 libro

1115 568 1162 613 in
1181 570 1276 627 ejus
1294 566 1413 613 Vita
1452 565 1706 615 deducitur
1724 602 1740 623 ,
1776 565 1889 615 ubi:
1927 567 2014 617 Hic
2043 572 2108 619 al-

1115 638 1281 703 mificus
1298 636 1430 685 Pater
1450 640 1471 691 (
1488 638 1658 703 nempe
1676 637 1943 685 Hadrianus
1961 647 1981 699 )
2005 657 2104 687 ean-

1115 707 1208 754 dem
1224 706 1262 756 B
1269 705 1452 774 Jfilicasn
1463 705 1497 754 S
1500 740 1509 750 .
1517 704 1746 755 Laurentii
1764 704 1831 755 M
1833 713 2011 773 argyris,
2030 710 2107 759 ubi

1104 775 1306 845 fimHum
1325 790 1469 839 corpus
1500 781 1588 839 ejus
1605 778 1856 844 requiestit,
1886 794 2105 830 annexam

1117 845 1309 912 Bafilicae
1341 844 1623 912 MAJORI
1637 882 1653 904 ,
1671 866 1754 914 que
1778 847 1935 895 dudum
1971 850 2106 917 isdem

1117 917 1283 983 Praesial
1304 918 1632 974 construxerat,
1673 919 1787 967 ultro
1814 953 1830 974 ,
1866 922 2054 987 citroque
2078 937 2104 968 a

1118 1005 1232 1036 novo
1249 986 1531 1035 restauravit
1553 1022 1562 1032 .

1188 1057 1279 1104 His
1295 1054 1601 1104 Pontificibus
1617 1058 1863 1105 Honorius
1885 1062 1979 1108 III.
1997 1057 2098 1107 suc-

1116 1123 1243 1174 ceffit
1260 1160 1275 1182 ,
1312 1127 1391 1191 qui
1421 1123 1666 1173 Basilicam
1687 1129 1802 1174 hanc
1819 1145 1911 1176 non
1944 1126 2099 1176 solum

1115 1192 1395 1242 restauravit
1409 1229 1426 1251 ,
1465 1194 1633 1243 verum
1649 1199 1794 1244 etiam
1811 1199 2065 1265 ampliavit
2078 1234 2097 1256 ,

1115 1262 1225 1311 cum
1242 1262 1686 1331 amplificationem,
1705 1263 1783 1313 seu
1801 1284 1972 1314 novam
1988 1286 2101 1316 con-

1114 1332 1418 1382 structionem
1444 1351 1468 1379 a
1502 1335 1778 1402 triumphali
1809 1353 1919 1383 arcu
1937 1354 2099 1404 coepe-

1116 1405 1177 1450 rit
1195 1439 1210 1461 ,
1227 1405 1276 1453 ὃς
1294 1399 1541 1451 aedificium
1563 1402 1721 1453 versus
1741 1403 1948 1464 Urbem,
1965 1407 2100 1456 vide-

1117 1475 1230 1522 licet
1251 1473 1310 1521 ad
1323 1473 1641 1523 Occidentem
1671 1474 1927 1524 intenderit
1948 1479 1995 1524 in
2012 1491 2105 1526 tres

1116 1543 1388 1593 distinctum
1412 1561 1574 1602 naves,
1591 1561 1691 1610 quae
1707 1547 1941 1595 columnis
1957 1549 2104 1605 mirae,

1113 1613 1193 1663 sed
1211 1615 1441 1681 inaequalis
1462 1614 1845 1680 magnitudinis,
1883 1617 1991 1664 hinc
2027 1619 2099 1663 in·

1113 1684 1171 1734 de
1195 1683 1458 1733 fulciuntur
1481 1719 1490 1730 .
1521 1682 1702 1735 Nostrae
1731 1687 1840 1734 huic
1862 1687 2102 1749 conjectu<

1116 1774 1172 1803 rae
1191 1773 1367 1803 novam
1397 1753 1613 1803 addimus
1634 1790 1649 1813 ‚
1687 1774 1859 1824 nempe
1881 1776 1937 1806 ex
1964 1755 2105 1824 ipsius

1114 1823 1328 1873 Ecclesiae
1359 1823 1649 1874 dimensione
1674 1862 1690 1883 ὃ
1727 1845 1838 1875 nam
1869 1829 2103 1893 antiqua..a

1114 1893 1351 1943 Hadriani
1378 1892 1434 1939 ab
1455 1911 1564 1941 arcu
1599 1892 1742 1961 usque
1763 1898 1819 1944 ad
1840 1899 2071 1963 parietem
2087 1932 2106 1955 ,

1116 1978 1242 2013 retro
1260 1962 1554 2011 Cathedram
1572 1962 1984 2032 Episcopalem‚est
2001 1967 2105 2014 lon·

1115 2033 1346 2103 gitudinis
1362 2034 1631 2100 palmorum
1657 2053 1674 2081 1
1687 2048 1711 2092 3
1724 2053 1767 2081 2.
1784 2041 1882 2099 ejus
1900 2035 2106 2084 latitudo
2160 2038 2162 2040 ’

1119 2105 1263 2171 palm.
1279 2118 1363 2162 93.
1387 2105 1643 2151 Recentior
1673 2105 1787 2152 vero
1808 2107 2015 2154 Honorii
2047 2104 2105 2153 ab

1119 2191 1229 2221 arcu
1250 2171 1392 2238 usque
1413 2171 1470 2219 ad
1488 2177 1683 2235 januam
1711 2173 1776 2222 est
1791 2174 2106 2243 longitudinis

1122 2245 1212 2312 pal.
1235 2248 1345 2302 189.
1383 2241 1648 2289 latitudinis
1669 2244 1784 2292 vero
1801 2250 1884 2302 98.
1910 2241 2107 2311 Insuper

1117 2311 1326 2363 fenestrae
1343 2312 1425 2358 hac
1446 2313 1491 2359 in
1510 2330 1634 2360 nova
1647 2314 1858 2362 Honorii
1876 2313 2106 2362 structura

1120 2380 1461 2449 antiquioribus
1488 2381 1707 2431 arstiores
1735 2381 1839 2430 sunt
1856 2420 1872 2441 ,
1910 2402 1962 2431 ac
1978 2386 2107 2431 muri

1122 2455 1315 2502 lateritii
1347 2453 1559 2500 humanae
1585 2448 1745 2500 salutis
1782 2469 1957 2500 annum
1995 2455 2106 2501 mil-

1122 2523 1339 2573 lesimum
1358 2536 1546 2589 tempus
1576 2523 1708 2570 olent
1725 2559 1735 2569 .

1193 2592 1287 2642 Sub
1305 2610 1416 2640 arcu
1434 2592 1711 2659 triumphali
1724 2592 1953 2660 Cappella
1969 2627 1983 2649 ,
2003 2589 2101 2641 sive

1121 2679 1175 2713 ut
1191 2665 1309 2712 olim
1330 2662 1754 2719 denominabatur,
1783 2666 1834 2708 Β.
1857 2663 2102 2710 Laurentii

1120 2731 1362 2786 Confessio
1379 2729 1462 2780 sita
1481 2731 1547 2780 est
1563 2767 1579 2788 ,
1617 2730 1698 2777 ubi
1728 2744 1826 2778 tarn
1854 2729 2068 2792 ejusdem
2087 2768 2104 2789 ,

1119 2808 1259 2873 quam
1280 2807 1332 2850 B.
1352 2802 1573 2868 Stephani
1593 2816 1759 2865 corpus
1775 2835 1792 2857 ,
1838 2800 2104 2850 marmorea

1119 2873 1224 2923 ared
1258 2871 1419 2919 ferreis
1450 2870 1596 2937 virgis
1631 2867 1924 2916 circumdat&
1949 2872 2104 2919 inclu-

1118 2944 1222 2991 sum
1239 2947 1373 3004 jacet.
1391 2938 1516 2987 Octo
1532 2937 1590 2987 ad
1606 2956 1715 2987 eum
1728 2939 1899 3005 gradus
1914 2939 2103 2989 descen-

1119 3013 1220 3061 sum
1264 3006 1478 3077 praestant
1513 3030 1528 3069 ;
1581 3007 1838 3058 duodecim
1868 3010 2102 3060 columnae

1120 3085 1309 3132 elevant
1337 3074 1569 3126 fornicem
1598 3114 1614 3136 ,
1670 3096 1872 3146 quarum
1901 3093 2104 3146 quatuor

1118 3151 1369 3200 anteriores
1389 3165 1447 3196 ex
1466 3166 1706 3198 marmore
1719 3149 1865 3198 viridi
1882 3152 2103 3217 ,reliquae

1113 3240 1170 3271 ex
1191 3220 1321 3288 pario
1339 3215 1886 3286 sunt,indicantque,n0n
1905 3237 1977 3268 eas
1992 3216 2103 3280 effe,

83 3288 550 3355 januam,scilicetin
575 3292 936 3351 medio,ubi'ad
951 3310 1059 3361 prae-
1112 3310 1220 3359 quas
1249 3286 1366 3337 inibi
1404 3288 1619 3338 laudatus
1653 3289 1838 3359 Xystus
1882 3288 2103 3340 Pontifex

155 3355 347 3407 ParJH„

1558 3359 1593 3408 P
1633 3376 1659 3406 2
1958 3379 2104 3429 appo-
