2378 3674
547 206 1274 258 CAPVTJV.

134 308 354 376 Vtriusque
379 306 665 373 Baptismatis
691 306 830 361 ritus{
861 302 1060 376 stilicetA
1075 304 1178 353 dem
1195 304 1381 354 Ordinis
1395 307 1435 353 S.
1451 302 1687 361 Benedisti‚
1707 321 1755 350 ac
1772 305 1958 352 Piorum

133 400 209 448 per
237 378 564 428 immersionem
582 409 597 433 2
623 387 668 426 δε
701 374 1018 442 asperfionenr,
1077 376 1408 423 Monachorum
1432 378 1579 424 Socios
1607 373 1685 422 effe
1702 405 1716 429 ,
1745 389 1931 422 autumo
1948 405 1962 418 .

133 450 300 499 ibidem
317 448 582 497 obser-uetur.
599 449 679 496 His
694 447 938 493 relatisnon
953 444 1020 492 of·
1077 448 1170 507 Hegc
1189 445 1242 491 de
1266 447 1408 510 prima
1439 443 1651 492 sufficiant
1671 479 1683 490 .
1712 443 1958 493 Secundam

133 519 223 569 ficit
239 551 254 576 ,
286 518 407 586 quod
438 519 606 584 opponi
626 516 788 584 poffit:
813 516 1017 581 Baptiza-
1076 515 1272 562 tabulam
1290 531 1405 562 nunc
1419 516 1708 580 explicemus.

136 605 206 638 tos
226 590 372 637 statim
389 588 486 653 post
517 585 791 654 Baptismum
824 585 1017 650 antiqui-
1147 586 1302 633 Virum
1321 584 1448 631 illum
1465 615 1479 639 ,
1498 586 1575 650 qui
1603 584 1683 633 hac
1702 585 1749 629 in
1774 581 1960 630 secunda

137 658 208 708 tus
226 656 344 707 fuisse
360 657 642 706 confirmatos
657 690 670 713 ‚
685 674 790 721 ergo
802 652 1023 720 perneccs-
1080 653 1228 701 tabula
1259 655 1512 718 genuflexus
1544 653 1601 700 est
1619 684 1634 708 ,
1661 671 1708 700 ac
1725 655 1847 717 super
1865 655 1956 700 eius

135 728 179 777 se
191 743 310 786 erat,
341 727 463 795 quod
496 727 694 776 Minister
721 723 821 773 esset
844 722 1022 790 Episco-
1079 739 1211 789 caput
1239 723 1294 769 ab
1315 724 1404 770 alio
1419 725 1524 771 Viro
1550 722 1796 770 infunditur
1816 739 1959 785 aqua:

138 816 221 865 pus
249 817 265 855 3
295 802 359 849 At
389 799 487 845 huic
515 797 749 845 obiectioni
779 792 1024 860 respondeo
1081 793 1337 840 Arrichium
1351 797 1769 840 Beneuentanorum
1786 794 1963 837 Ducem

137 887 239 916 cum
253 870 466 934 precitato
481 869 765 916 Vice-comite
777 865 935 914 eodem
948 863 1024 910 lib.
1084 866 1121 912 I.
1135 861 1238 919 effe,
1257 862 1456 912 existimo
1472 881 1485 919 3
1526 861 1822 910 coniecturam
1852 860 1963 906 hanc

136 952 185 997 4.
199 956 295 1004 cap.
316 955 393 994 29.
419 937 539 1004 quod
561 936 591 984 si
618 935 855 1002 Episcopus
871 932 1021 980 absens
1084 951 1137 980 ex
1167 933 1491 999 chronologicis
1535 932 1856 998 Episcoporum
1877 960 1891 985 ,
1920 939 1964 977 ὃς

136 1024 229 1057 erat
243 1040 259 1066 ‚
274 1009 521 1075 baptizatus
540 1005 732 1070 suscepto
746 1003 1023 1070 baptismate,
1081 1002 1522 1069 Archiepiscoporum
1552 1007 1962 1050 Beneuentanorum

139 1093 312 1143 quanto
329 1077 456 1124 citius
482 1074 571 1122 fieri
585 1089 756 1139 poterat
771 1104 786 1127 ‚
815 1073 869 1118 ab
899 1072 1021 1136 Epis·
1036 1107 1067 1144 B
1086 1075 1275 1120 memori
1280 1073 1316 1133 js
1337 1071 1521 1120 desumo
1537 1106 1549 1116 .
1564 1076 1654 1120 Has
1671 1088 1806 1136 nuper
1824 1069 1965 1135 publi-

1836 217 1889 251 21

138 1164 253 1212 copo
266 1143 607 1193 confirmabatur
622 1174 635 1209 ,⁶
654 1145 710 1189 Et
729 1142 817 1188 haec
836 1139 891 1186 de
907 1144 1022 1204 Bap-

140 1216 328 1265 tismatis
342 1216 429 1262 ritu
443 1250 457 1264 .

212 1284 335 1334 Vltra
352 1283 541 1349 superius
559 1278 767 1347 expressas
783 1295 875 1325 non
891 1278 1021 1324 nullis

143 1356 238 1416 alijs
258 1350 706 1401 animaduersionibus
737 1347 865 1413 supra
888 1349 1022 1395 relata

141 1426 175 1471 Ι.
188 1421 336 1470 tabula
365 1419 497 1486 digna
514 1420 572 1468 est
603 1437 616 1476 3
635 1418 740 1467 nam
755 1419 892 1484 prope
911 1422 1025 1483 Bap-

141 1491 326 1541 tismatis
343 1488 703 1545 Ministrum,duo
715 1488 813 1536 sunt
823 1489 903 1536 viri
921 1489 1026 1536 Mo-

142 1561 314 1610 nachali
343 1559 498 1609 habitu
531 1561 875 1613 circumamieri‚
915 1575 1027 1623 quos

143 1646 366 1697 tanquam
391 1630 514 1678 testes
553 1628 783 1696 Baptismo
801 1626 1027 1695 praesentes

141 1700 264 1751 fuliffe
291 1716 478 1748 autumo
507 1730 525 1757 ‚
561 1699 774 1765 ipsiusque
815 1696 1029 1763 Baptismi

142 1773 210 1819 vti
224 1773 467 1825 Audffires,
500 1771 578 1835 qui
603 1767 956 1816 Theodelindam
973 1767 1027 1812 ad

1083 1141 1120 1184 ci
1133 1143 1240 1187 Iuris
1253 1141 1353 1185 fecit
1364 1142 1563 1187 laudatus
1578 1140 1813 1205 Episcopus
1830 1144 1964 1187 Pom-

1081 1209 1202 1273 peius
1223 1209 1436 1255 Sarnellus
1456 1239 1470 1262 ‚
1503 1209 1577 1255 vbi
1604 1208 1680 1253 sub
1719 1226 1763 1252 n.
1788 1226 1859 1261 29.
1876 1208 1967 1255 cle-2

1081 1279 1217 1326 Felice
1231 1277 1508 1343 H-Episcopo
1523 1281 1837 1324 Beneuentano
1854 1278 1965 1323 lianc

1081 1363 1230 1395 narrat
1244 1346 1484 1394 historiam:

1081 1448 1114 1472 η
1143 1421 1283 1465 Anno
1308 1417 1628 1479 571.Autharis
1647 1413 1970 1482 Longobardo..

1083 1519 1115 1544 υ
1141 1506 1241 1535 rum
1255 1491 1353 1536 Rex
1369 1519 1383 1543 ,
1405 1486 1607 1553 vsurpata
1626 1488 1874 1548 Grecorum
1892 1484 1972 1532 do-

1086 1589 1117 1614 „
1143 1560 1387 1606 minatione
1408 1559 1628 1624 integram
1641 1557 1810 1618 Samnij
1846 1572 1973 1603 occu·

1087 1660 1118 1685 π
1146 1631 1268 1694 pauit
1311 1629 1619 1676 Prouinciam.
1650 1631 1861 1691 Cumque
1888 1628 1970 1673 iii-2

1088 1730 1119 1754 a>
1153 1703 1349 1746 Ducatus
1374 1697 1570 1744 formam
1610 1712 1765 1743 omnes
1782 1697 1886 1743 alias
1905 1711 1973 1742 re-

1086 1800 1114 1822 „
1149 1766 1329 1814 duxisset
1346 1769 1597 1815 Prouincias
1612 1796 1628 1821 ,
1658 1765 1714 1811 ab
1729 1766 1844 1813 Vrbe
1876 1768 1973 1813 Ro-

144 1840 439 1888 Christianam
453 1836 808 1903 amphorendam
826 1829 1024 1901 Religio-
1043 1866 1115 1907 C„
1149 1855 1281 1884 mana
1303 1836 1437 1902 vsque
1455 1835 1510 1882 ad
1543 1854 1662 1883 mare
1678 1836 1871 1882 Siculum
1891 1864 1906 1888 -,
1922 1835 1973 1880 il-

143 1911 249 1957 hem
263 1908 530 1956 induxerunt
546 1938 562 1963 a
590 1905 865 1973 eandemque
883 1938 898 1963 ,
914 1904 1022 1952 eius·
1086 1940 1117 1965 „
1145 1908 1226 1954 lius
1244 1922 1377 1973 caput
1403 1910 1705 1954 Beneuentum
1734 1903 1812 1952 ess'e
1829 1903 1974 1951 decre-

143 1996 230 2045 que
245 1980 400 2027 Virum
426 1981 473 2025 in
505 1975 588 2026 fide
603 1978 941 2033 catechizarunt3
957 1978 1024 2023 in-

143 2048 269 2118 super
322 2049 554 2104 existimO,
601 2046 720 2097 fuiss'e
774 2047 1024 2096 Monaehos

145 2120 321 2167 Montis
339 2119 483 2167 Casini
498 2149 513 2174 ,
544 2127 588 2167 &
605 2116 777 2167 fortaffe
811 2134 953 2166 vnum
971 2135 1023 2166 ex

144 2189 230 2236 illis
281 2188 593 2255 suprarelatum
644 2188 840 2238 Probum
870 2187 1025 2237 Abba-

146 2259 512 2324 temrMonasterij
529 2263 567 2307 S.
582 2258 769 2307 Andreae
785 2255 862 2306 csse
876 2289 891 2314 ,
904 2267 949 2306 &
966 2255 1025 2303 ob

149 2326 439 2394 supradietam
470 2328 645 2378 causam
673 2329 748 2377 hic
762 2329 787 2377 ἃ
801 2328 1027 2394 Sculptore

1085 2011 1116 2036 π
1145 1980 1225 2033 uit,
1242 1977 1386 2043 eisque
1402 1978 1448 2024 in
1465 1978 1664 2043 primum
1681 1980 1856 2024 Ducem
1873 1992 1974 2039 preg-

1081 2081 1114 2108 „
1145 2048 1290 2095 fecerit
1318 2051 1565 2102 Zotonem,
1594 2046 1671 2094 sub
1689 2049 1808 2093 cuius
1824 2044 1975 2092 domi-

1082 2151 1113 2175 „
1143 2132 1250 2165 natu
1278 2118 1498 2184 inclytum
1542 2114 1776 2164 Cafinense
1808 2117 1974 2162 Mona-

1084 2220 1114 2245 „
1139 2187 1315 2235 sterium
1332 2203 1451 2232 anno
1484 2190 1594 2243 589.
1623 2186 1647 2231 a
1664 2182 1975 2250 Longobardis

1086 2291 1118 2315 0„
1147 2254 1343 2304 euersum
1360 2256 1442 2304 fuit
1458 2284 1501 2293 --
1521 2254 1718 2303 Deceffit
1732 2257 1976 2315 Zotovanno

1095 2345 1114 2388 5
1125 2345 1203 2382 91.
1218 2326 1452 2393 postquam
1472 2339 1730 2390 regnauerat
1752 2325 1878 2371 annis
1899 2340 1973 2372 20.

151 2396 360 2462 cxpreffos
375 2397 493 2449 fuisse
511 2439 522 2450 .
537 2403 581 2447 A
595 2401 933 2466 Baptizatorum
946 2412 1030 2445 ter·
1089 2401 1216 2465 eique
1232 2395 1428 2444 succeffit
1441 2394 1636 2442 Arrichis
1653 2426 1668 2450 ‚
1700 2393 1785 2442 siue
1801 2396 1974 2458 Aroges

152 2482 210 2530 go
224 2466 292 2516 sex
305 2485 536 2518 cernuntur
548 2468 685 2535 figure
700 2503 711 2514 .
727 2474 929 2533 Qarum
948 2469 1032 2533 pri·
1091 2474 1198 2518 Dux
1216 2470 1273 2518 II.
1303 2468 1379 2533 qui
1397 2484 1472 2532 per
1505 2482 1673 2513 annum
1706 2463 1883 2511 consors
1899 2466 1979 2510 ill-2

153 2552 275 2584 mam
304 2555 355 2584 ex
372 2539 559 2588 vestibus
574 2540 813 2589 foeminam
832 2572 845 2585 .
874 2542 1032 2586 Secun-
1091 2544 1271 2589 Ducatu
1285 2555 1388 2585 cum
1404 2540 1571 2584 Zotone
1583 2537 1665 2584 fuit
1683 2568 1694 2580 .
1728 2534 1925 2597 Qando
1941 2535 1975 2579 is

158 2603 265 2652 dam
280 2607 517 2659 masculum
531 2641 546 2666 ³
562 2618 606 2658 &
621 2609 862 2659 eorundem
879 2609 1030 2673 Bapti-
1093 2608 1208 2657 solus
1239 2624 1419 2673 regnare
1443 2608 1608 2671 coepit3
1637 2608 1833 2670 Magnus
1865 2604 1977 2653 ‚ille-2

156 2672 401 2723 zandorum
429 2679 699 2747 Susceptores
717 2710 734 2736 ,
774 2679 859 2728 siue
890 2664 1075 2726 Patri-D
1094 2681 1335 2745 Gregorius
1369 2677 1574 2726 Pontifex
1603 2675 1795 2725 eundem
1826 2675 1978 2720 horta-

155 2758 237 2790 nos
254 2742 333 2790 esse
351 2775 366 2801 ,
378 2745 545 2796 iudico:
570 2752 718 2798 Tertia
734 2782 750 2805 -,
780 2758 824 2798 δε
837 2763 1029 2815 quarta-
1087 2768 1155 2799 tus
1169 2751 1319 2804 fuit,vt
1336 2747 1655 2797 Monasterium
1673 2741 1900 2793 Casrnense
1915 2760 1982 2788 re-

157 2810 243 2874 duc}
259 2811 358 2860 sunt
384 2815 466 2877 alie
485 2818 645 2881 femine
674 2819 803 2884 ipsius
828 2818 1030 2868 Theode-
1095 2834 1280 2887 pararet,
1294 2819 1362 2865 cui
1377 2817 1565 2866 libenter
1579 2816 1882 2880 obtemperare
1897 2829 1978 2860 vo·

154 2880 279 2944 lindeg
293 2882 527 2934 familiares
543 2919 555 2931 .
583 2889 710 2936 Illam
729 2892 904 2940 tertiam
922 2921 936 2944 ,
965 2903 1035 2937 vt-
1095 2894 1175 2939 luit
1193 2924 1205 2935 .

159 2951 264 3016 pote
294 2954 429 3000 etiam
459 2957 651 3020 primam
681 2974 733 3003 ex
762 2959 945 3007 vestium
974 2957 1040 3005 di-
1167 2958 1312 3006 Euasit
1354 2959 1422 3004 hic
1465 2959 1624 3022 pietate
1655 2955 1730 3002 Vir
1775 2951 1953 3018 infignis
1968 2983 1982 3006 7

161 3019 357 3069 uerfitate
391 3025 536 3072 Latini
551 3023 630 3072 esse
656 3025 761 3072 ritus
775 3057 792 3081 ,
822 3043 931 3092 puto
947 3058 963 3082 ‚
993 3036 1037 3074 &c
1097 3030 1200 3077 cum
1229 3026 1441 3074 celebrem
1485 3023 1717 3072 Ecclesiam
1743 3025 1782 3072 S.
1814 3022 1983 3086 Sophiae

164 3087 333 3138 fortasse
350 3090 488 3157 ipsam
518 3097 692 3143 tertiam
725 3093 842 3143 fuissc
859 3098 1041 3144 Monia-
1097 3099 1231 3165 prope
1278 3102 1580 3143 Beneuentum
1627 3092 1652 3140 ἃ
1684 3092 1982 3141 fundamentis

164 3158 253 3206 lem
269 3161 415 3208 Sanfti
431 3164 652 3214 Benediffi
670 3194 686 3219 ‚
712 3162 944 3231 septimam
961 3195 974 3218 ,
992 3173 1036 3211 &
1094 3167 1443 3220 construxerit,vt
1457 3183 1508 3211 ex
1525 3164 1746 3212 Chronica
1762 3167 1984 3209 Beneuen-

168 3231 367 3281 oetauam
398 3229 508 3282 duos
541 3235 650 3284 alios
666 3234 914 3284 Monachos
931 3233 1039 3280 eius-
1102 3235 1461 3300 taniMonasterij
1480 3232 1608 3304 ⁸apud
1638 3237 1675 3282 V
1679 3232 1874 3296 ghellum
1890 3229 1988 3279 ital.

1829 3301 1921 3345 Sat.
