<?xml version="1.0" encoding="UTF-8"?>
<!DOCTYPE html PUBLIC "-//W3C//DTD XHTML 1.0 Transitional//EN"
    "http://www.w3.org/TR/xhtml1/DTD/xhtml1-transitional.dtd">
<html xmlns="http://www.w3.org/1999/xhtml" xml:lang="en" lang="en">
 <head>
  <title>
</title>
<meta http-equiv="Content-Type" content="text/html;charset=utf-8" />
  <meta name='ocr-system' content='tesseract 3.04.00' />
  <meta name='ocr-capabilities' content='ocr_page ocr_carea ocr_par ocr_line ocrx_word'/>
</head>
<body>
  <div class='ocr_page' id='page_1' title='image "./joannisciampinir2thru3ciam_0131.png"; bbox 0 0 2378 3674; ppageno 0'>
   <div class='ocr_carea' id='block_1_1' title="bbox 506 237 1004 294">
    <p class='ocr_par' dir='ltr' id='par_1_1' title="bbox 506 237 1004 294">
     <span class='ocr_line' id='line_1_1' title="bbox 506 237 1004 294; baseline -0.002 -4"><span class='ocrx_word' id='word_1_1' title='bbox 506 237 1004 294; x_wconf 74' lang='lat' dir='ltr'><em>GAPVT</em></span> 
     </span>
    </p>
   </div>
   <div class='ocr_carea' id='block_1_2' title="bbox 1121 246 1858 296">
    <p class='ocr_par' dir='ltr' id='par_1_2' title="bbox 1121 246 1858 296">
     <span class='ocr_line' id='line_1_2' title="bbox 1121 246 1858 296; baseline 0.007 -5"><span class='ocrx_word' id='word_1_2' title='bbox 1121 246 1232 292; x_wconf 87' lang='lat' dir='ltr'>IX.</span> <span class='ocrx_word' id='word_1_3' title='bbox 1789 249 1858 296; x_wconf 82' lang='lat'>69</span> 
     </span>
    </p>
   </div>
   <div class='ocr_carea' id='block_1_3' title="bbox 86 331 1888 409">
    <p class='ocr_par' dir='ltr' id='par_1_3' title="bbox 86 331 1888 409">
     <span class='ocr_line' id='line_1_3' title="bbox 86 331 1888 409; baseline -0.006 -18"><span class='ocrx_word' id='word_1_4' title='bbox 86 358 134 394; x_wconf 76' lang='lat' dir='ltr'>ta</span> <span class='ocrx_word' id='word_1_5' title='bbox 164 337 295 409; x_wconf 71' lang='lat' dir='ltr'>pedes</span> <span class='ocrx_word' id='word_1_6' title='bbox 329 335 411 387; x_wconf 80' lang='lat' dir='ltr'>stat</span> <span class='ocrx_word' id='word_1_7' title='bbox 440 334 641 404; x_wconf 86' lang='lat' dir='ltr'>pluteus,</span> <span class='ocrx_word' id='word_1_8' title='bbox 668 331 966 384; x_wconf 87' lang='lat' dir='ltr'>voluminibus</span> <span class='ocrx_word' id='word_1_9' title='bbox 968 360 1010 405; x_wconf 72' lang='grc' dir='ltr'>Α</span> <span class='ocrx_word' id='word_1_10' title='bbox 1028 334 1202 382; x_wconf 87' lang='lat' dir='ltr'>LXXX</span> <span class='ocrx_word' id='word_1_11' title='bbox 1237 335 1277 382; x_wconf 92' lang='lat' dir='ltr'>V</span> <span class='ocrx_word' id='word_1_12' title='bbox 1306 334 1348 379; x_wconf 90' lang='lat' dir='ltr'>C</span> <span class='ocrx_word' id='word_1_13' title='bbox 1378 337 1422 379; x_wconf 74' lang='lat' dir='ltr'>X</span> <span class='ocrx_word' id='word_1_14' title='bbox 1456 335 1539 381; x_wconf 92' lang='lat' dir='ltr'>CC</span> <span class='ocrx_word' id='word_1_15' title='bbox 1570 336 1699 382; x_wconf 89' lang='lat' dir='ltr'>CCC</span> <span class='ocrx_word' id='word_1_16' title='bbox 1729 338 1768 383; x_wconf 93' lang='lat' dir='ltr'>V</span> <span class='ocrx_word' id='word_1_17' title='bbox 1794 337 1835 381; x_wconf 92' lang='lat' dir='ltr'>C</span> <span class='ocrx_word' id='word_1_18' title='bbox 1868 337 1888 380; x_wconf 93' lang='lat' dir='ltr'>I</span> 
     </span>
    </p>
   </div>
   <div class='ocr_carea' id='block_1_4' title="bbox 80 404 977 1109">
    <p class='ocr_par' dir='ltr' id='par_1_4' title="bbox 80 404 977 1109">
     <span class='ocr_line' id='line_1_4' title="bbox 86 404 965 479; baseline -0.02 -17"><span class='ocrx_word' id='word_1_19' title='bbox 86 415 277 479; x_wconf 87' lang='lat' dir='ltr'>repletus</span> <span class='ocrx_word' id='word_1_20' title='bbox 291 414 604 458; x_wconf 85' lang='lat' dir='ltr'>Romanorum</span> <span class='ocrx_word' id='word_1_21' title='bbox 623 421 746 452; x_wconf 86' lang='lat' dir='ltr'>more</span> <span class='ocrx_word' id='word_1_22' title='bbox 761 435 778 461; x_wconf 87' lang='lat'>‚</span> <span class='ocrx_word' id='word_1_23' title='bbox 792 404 868 470; x_wconf 90' lang='lat' dir='ltr'>qui</span> <span class='ocrx_word' id='word_1_24' title='bbox 884 405 965 452; x_wconf 82' lang='lat' dir='ltr'>Vi.</span> 
     </span>
     <span class='ocr_line' id='line_1_5' title="bbox 86 472 976 531; baseline -0.013 0"><span class='ocrx_word' id='word_1_25' title='bbox 86 500 188 531; x_wconf 91' lang='lat' dir='ltr'>rum</span> <span class='ocrx_word' id='word_1_26' title='bbox 231 481 366 530; x_wconf 85' lang='lat' dir='ltr'>literis</span> <span class='ocrx_word' id='word_1_27' title='bbox 403 474 627 524; x_wconf 58' lang='lat' dir='ltr'>addietum</span> <span class='ocrx_word' id='word_1_28' title='bbox 671 472 940 522; x_wconf 82' lang='lat' dir='ltr'>demonstrat</span> <span class='ocrx_word' id='word_1_29' title='bbox 963 507 976 519; x_wconf 89' lang='lat'><strong>.</strong></span> 
     </span>
     <span class='ocr_line' id='line_1_6' title="bbox 85 542 972 613; baseline -0.01 -13"><span class='ocrx_word' id='word_1_30' title='bbox 85 552 173 601; x_wconf 89' lang='lat' dir='ltr'>Sub</span> <span class='ocrx_word' id='word_1_31' title='bbox 188 552 256 602; x_wconf 87' lang='lat' dir='ltr'>his</span> <span class='ocrx_word' id='word_1_32' title='bbox 267 546 534 613; x_wconf 86' lang='lat' dir='ltr'>imaginibus</span> <span class='ocrx_word' id='word_1_33' title='bbox 551 542 797 592; x_wconf 83' lang='lat' dir='ltr'>extenditur</span> <span class='ocrx_word' id='word_1_34' title='bbox 811 542 933 592; x_wconf 77' lang='lat' dir='ltr'>arcus</span> <span class='ocrx_word' id='word_1_35' title='bbox 956 577 972 600; x_wconf 81' lang='lat'>,</span> 
     </span>
     <span class='ocr_line' id='line_1_7' title="bbox 84 612 973 681; baseline -0.01 -11"><span class='ocrx_word' id='word_1_36' title='bbox 84 620 206 672; x_wconf 86' lang='lat' dir='ltr'>cuius</span> <span class='ocrx_word' id='word_1_37' title='bbox 222 623 270 668; x_wconf 89' lang='lat' dir='ltr'>in</span> <span class='ocrx_word' id='word_1_38' title='bbox 284 618 536 667; x_wconf 85' lang='lat' dir='ltr'>summitate</span> <span class='ocrx_word' id='word_1_39' title='bbox 551 612 651 665; x_wconf 86' lang='lat' dir='ltr'>sunt</span> <span class='ocrx_word' id='word_1_40' title='bbox 671 613 760 665; x_wconf 90' lang='lat' dir='ltr'>duo</span> <span class='ocrx_word' id='word_1_41' title='bbox 775 615 940 681; x_wconf 87' lang='lat' dir='ltr'>Angeli</span> <span class='ocrx_word' id='word_1_42' title='bbox 957 647 973 671; x_wconf 83' lang='lat'>‚</span> 
     </span>
     <span class='ocr_line' id='line_1_8' title="bbox 85 685 971 754; baseline -0.007 -15"><span class='ocrx_word' id='word_1_43' title='bbox 85 691 291 741; x_wconf 88' lang='lat' dir='ltr'>volatum</span> <span class='ocrx_word' id='word_1_44' title='bbox 307 686 640 754; x_wconf 69' lang='lat' dir='ltr'>praeseferentes,</span> <span class='ocrx_word' id='word_1_45' title='bbox 662 687 738 751; x_wconf 88' lang='lat' dir='ltr'>qui</span> <span class='ocrx_word' id='word_1_46' title='bbox 759 685 971 736; x_wconf 76' lang='lat' dir='ltr'>manibus</span> 
     </span>
     <span class='ocr_line' id='line_1_9' title="bbox 85 755 968 815; baseline -0.007 -7"><span class='ocrx_word' id='word_1_47' title='bbox 85 761 298 808; x_wconf 89' lang='lat' dir='ltr'>circulum</span> <span class='ocrx_word' id='word_1_48' title='bbox 314 772 481 814; x_wconf 89' lang='lat' dir='ltr'>tenent,</span> <span class='ocrx_word' id='word_1_49' title='bbox 494 769 543 806; x_wconf 88' lang='lat' dir='ltr'>vt</span> <span class='ocrx_word' id='word_1_50' title='bbox 563 772 689 804; x_wconf 85' lang='lat' dir='ltr'>num.</span> <span class='ocrx_word' id='word_1_51' title='bbox 703 769 749 815; x_wconf 72' lang='lat'>4,</span> <span class='ocrx_word' id='word_1_52' title='bbox 771 760 822 805; x_wconf 91' lang='lat' dir='ltr'>In</span> <span class='ocrx_word' id='word_1_53' title='bbox 839 755 968 809; x_wconf 84' lang='lat' dir='ltr'>huius</span> 
     </span>
     <span class='ocr_line' id='line_1_10' title="bbox 81 828 976 896; baseline -0.003 -18"><span class='ocrx_word' id='word_1_54' title='bbox 81 829 237 878; x_wconf 87' lang='lat' dir='ltr'>medio</span> <span class='ocrx_word' id='word_1_55' title='bbox 270 828 457 895; x_wconf 84' lang='lat' dir='ltr'><strong>refulget</strong></span> <span class='ocrx_word' id='word_1_56' title='bbox 482 831 604 878; x_wconf 84' lang='lat' dir='ltr'>Crux</span> <span class='ocrx_word' id='word_1_57' title='bbox 641 841 867 896; x_wconf 84' lang='lat' dir='ltr'>gemmata</span> <span class='ocrx_word' id='word_1_58' title='bbox 885 858 900 883; x_wconf 81' lang='lat'>‚</span> <span class='ocrx_word' id='word_1_59' title='bbox 930 835 976 875; x_wconf 84' lang='lat'>&amp;</span> 
     </span>
     <span class='ocr_line' id='line_1_11' title="bbox 80 896 975 966; baseline -0.003 -19"><span class='ocrx_word' id='word_1_60' title='bbox 80 899 137 948; x_wconf 90' lang='lat' dir='ltr'>ad</span> <span class='ocrx_word' id='word_1_61' title='bbox 157 901 310 947; x_wconf 82' lang='lat' dir='ltr'>Crucis</span> <span class='ocrx_word' id='word_1_62' title='bbox 326 899 486 966; x_wconf 87' lang='lat' dir='ltr'>pedem</span> <span class='ocrx_word' id='word_1_63' title='bbox 521 896 622 945; x_wconf 89' lang='lat' dir='ltr'>sunt</span> <span class='ocrx_word' id='word_1_64' title='bbox 650 896 744 946; x_wconf 85' lang='lat' dir='ltr'>duae</span> <span class='ocrx_word' id='word_1_65' title='bbox 763 914 906 964; x_wconf 83' lang='lat' dir='ltr'>graecae</span> <span class='ocrx_word' id='word_1_66' title='bbox 922 897 975 944; x_wconf 90' lang='lat' dir='ltr'>li-</span> 
     </span>
     <span class='ocr_line' id='line_1_12' title="bbox 82 966 977 1034; baseline -0.004 -17"><span class='ocrx_word' id='word_1_67' title='bbox 82 984 181 1017; x_wconf 86' lang='lat' dir='ltr'>terae</span> <span class='ocrx_word' id='word_1_68' title='bbox 197 999 214 1026; x_wconf 86' lang='lat'>‚</span> <span class='ocrx_word' id='word_1_69' title='bbox 227 967 382 1019; x_wconf 87' lang='lat' dir='ltr'>scilicet</span> <span class='ocrx_word' id='word_1_70' title='bbox 403 971 450 1016; x_wconf 90' lang='lat' dir='ltr'>A</span> <span class='ocrx_word' id='word_1_71' title='bbox 463 1001 478 1026; x_wconf 80' lang='lat'>,</span> <span class='ocrx_word' id='word_1_72' title='bbox 492 976 534 1017; x_wconf 60' lang='grc' dir='ltr'>ὃς</span> <span class='ocrx_word' id='word_1_73' title='bbox 551 966 596 1011; x_wconf 82' lang='grc' dir='ltr'>Ω.</span> <span class='ocrx_word' id='word_1_74' title='bbox 620 966 700 1024; x_wconf 78' lang='lat' dir='ltr'>3de</span> <span class='ocrx_word' id='word_1_75' title='bbox 717 966 876 1034; x_wconf 83' lang='lat' dir='ltr'>quibus</span> <span class='ocrx_word' id='word_1_76' title='bbox 896 970 977 1016; x_wconf 57' lang='lat' dir='ltr'>in„</span> 
     </span>
     <span class='ocr_line' id='line_1_13' title="bbox 81 1039 977 1109; baseline -0.002 -22"><span class='ocrx_word' id='word_1_77' title='bbox 81 1039 343 1109; x_wconf 79' lang='lat' dir='ltr'>Apocalipsi</span> <span class='ocrx_word' id='word_1_78' title='bbox 375 1057 470 1105; x_wconf 83' lang='lat' dir='ltr'>cap.</span> <span class='ocrx_word' id='word_1_79' title='bbox 524 1055 598 1087; x_wconf 86' lang='lat'>22.</span> <span class='ocrx_word' id='word_1_80' title='bbox 624 1055 749 1088; x_wconf 89' lang='lat' dir='ltr'>num.</span> <span class='ocrx_word' id='word_1_81' title='bbox 793 1054 866 1098; x_wconf 80' lang='lat'>13.</span> <span class='ocrx_word' id='word_1_82' title='bbox 884 1042 977 1103; x_wconf 86' lang='lat' dir='ltr'>Ego</span> 
     </span>
    </p>
   </div>
   <div class='ocr_carea' id='block_1_5' title="bbox 1029 422 1924 1100">
    <p class='ocr_par' dir='ltr' id='par_1_5' title="bbox 1127 422 1652 466">
     <span class='ocr_line' id='line_1_14' title="bbox 1127 422 1652 466; baseline -0.006 -12"><span class='ocrx_word' id='word_1_83' title='bbox 1127 422 1161 446; x_wconf 71' lang='grc' dir='ltr'>π·</span> <span class='ocrx_word' id='word_1_84' title='bbox 1256 425 1275 453; x_wconf 75' lang='grc' dir='ltr'><strong>ε</strong></span> <span class='ocrx_word' id='word_1_85' title='bbox 1327 423 1347 466; x_wconf 75' lang='grc' dir='ltr'><em>ξ</em></span> <span class='ocrx_word' id='word_1_86' title='bbox 1401 423 1413 450; x_wconf 81' lang='grc' dir='ltr'><strong><em>ι</em></strong></span> <span class='ocrx_word' id='word_1_87' title='bbox 1500 427 1531 453; x_wconf 84' lang='grc' dir='ltr'>σ·</span> <span class='ocrx_word' id='word_1_88' title='bbox 1628 427 1652 451; x_wconf 79' lang='grc' dir='ltr'>τ</span> 
     </span>
    </p>

    <p class='ocr_par' dir='ltr' id='par_1_6' title="bbox 1029 481 1924 1100">
     <span class='ocr_line' id='line_1_15' title="bbox 1378 481 1572 521; baseline 0.015 -3"><span class='ocrx_word' id='word_1_89' title='bbox 1378 494 1405 518; x_wconf 87' lang='grc' dir='ltr'>α.</span> <span class='ocrx_word' id='word_1_90' title='bbox 1452 481 1498 520; x_wconf 87' lang='lat'>&amp;</span> <span class='ocrx_word' id='word_1_91' title='bbox 1543 495 1572 521; x_wconf 91' lang='grc' dir='ltr'><em>ω</em></span> 
     </span>
     <span class='ocr_line' id='line_1_16' title="bbox 1381 546 1650 592; baseline 0.011 -3"><span class='ocrx_word' id='word_1_92' title='bbox 1381 546 1401 589; x_wconf 90' lang='grc' dir='ltr'>Ι</span> <span class='ocrx_word' id='word_1_93' title='bbox 1471 547 1650 592; x_wconf 89' lang='lat' dir='ltr'>DCCC</span> 
     </span>
     <span class='ocr_line' id='line_1_17' title="bbox 1032 611 1923 679; baseline -0.002 -17"><span class='ocrx_word' id='word_1_94' title='bbox 1032 616 1064 672; x_wconf 56' lang='grc' dir='ltr'>,ζ</span> <span class='ocrx_word' id='word_1_95' title='bbox 1092 616 1146 663; x_wconf 87' lang='lat' dir='ltr'>In</span> <span class='ocrx_word' id='word_1_96' title='bbox 1163 611 1385 673; x_wconf 69' lang='lat' dir='ltr'>Columbtg</span> <span class='ocrx_word' id='word_1_97' title='bbox 1399 617 1497 659; x_wconf 68' lang='lat' dir='ltr'>aute</span> <span class='ocrx_word' id='word_1_98' title='bbox 1514 612 1652 679; x_wconf 85' lang='lat' dir='ltr'>specie</span> <span class='ocrx_word' id='word_1_99' title='bbox 1668 614 1778 661; x_wconf 57' lang='lat' dir='ltr'>reste</span> <span class='ocrx_word' id='word_1_100' title='bbox 1793 612 1923 661; x_wconf 81' lang='lat' dir='ltr'>nobis</span> 
     </span>
     <span class='ocr_line' id='line_1_18' title="bbox 1029 683 1920 749; baseline -0.003 -18"><span class='ocrx_word' id='word_1_101' title='bbox 1029 717 1064 744; x_wconf 68' lang='lat' dir='ltr'>a,</span> <span class='ocrx_word' id='word_1_102' title='bbox 1096 686 1238 731; x_wconf 70' lang='lat' dir='ltr'>Sanffl</span> <span class='ocrx_word' id='word_1_103' title='bbox 1255 685 1437 749; x_wconf 83' lang='lat' dir='ltr'>Spiritus</span> <span class='ocrx_word' id='word_1_104' title='bbox 1468 685 1678 731; x_wconf 87' lang='lat' dir='ltr'>nouimus</span> <span class='ocrx_word' id='word_1_105' title='bbox 1692 683 1920 748; x_wconf 81' lang='lat' dir='ltr'>significari</span> 
     </span>
     <span class='ocr_line' id='line_1_19' title="bbox 1030 751 1923 820; baseline -0.003 -19"><span class='ocrx_word' id='word_1_106' title='bbox 1030 787 1062 813; x_wconf 52' lang='grc' dir='ltr'><strong><em>Ἃ</em></strong></span> <span class='ocrx_word' id='word_1_107' title='bbox 1096 752 1359 820; x_wconf 83' lang='lat' dir='ltr'><strong>personam,</strong></span> <span class='ocrx_word' id='word_1_108' title='bbox 1389 753 1436 800; x_wconf 88' lang='lat' dir='ltr'>in</span> <span class='ocrx_word' id='word_1_109' title='bbox 1453 755 1572 801; x_wconf 88' lang='lat' dir='ltr'>cuius</span> <span class='ocrx_word' id='word_1_110' title='bbox 1598 751 1734 818; x_wconf 85' lang='lat' dir='ltr'>specie</span> <span class='ocrx_word' id='word_1_111' title='bbox 1749 752 1923 800; x_wconf 86' lang='lat' dir='ltr'>descen-</span> 
     </span>
     <span class='ocr_line' id='line_1_20' title="bbox 1031 821 1924 889; baseline -0.006 -17"><span class='ocrx_word' id='word_1_112' title='bbox 1031 857 1064 886; x_wconf 82' lang='lat'>„</span> <span class='ocrx_word' id='word_1_113' title='bbox 1097 823 1351 873; x_wconf 88' lang='lat' dir='ltr'>densvoluit</span> <span class='ocrx_word' id='word_1_114' title='bbox 1366 837 1640 889; x_wconf 63' lang='lat' dir='ltr'>apparere2vt</span> <span class='ocrx_word' id='word_1_115' title='bbox 1660 821 1818 869; x_wconf 87' lang='lat' dir='ltr'>scilicet</span> <span class='ocrx_word' id='word_1_116' title='bbox 1835 824 1924 868; x_wconf 85' lang='lat' dir='ltr'>Ar—</span> 
     </span>
     <span class='ocr_line' id='line_1_21' title="bbox 1031 893 1920 959; baseline -0.003 -18"><span class='ocrx_word' id='word_1_117' title='bbox 1031 932 1063 957; x_wconf 85' lang='lat'>„</span> <span class='ocrx_word' id='word_1_118' title='bbox 1098 897 1324 942; x_wconf 85' lang='lat' dir='ltr'>rianorum</span> <span class='ocrx_word' id='word_1_119' title='bbox 1338 893 1581 959; x_wconf 81' lang='lat' dir='ltr'>aliorumq3</span> <span class='ocrx_word' id='word_1_120' title='bbox 1613 893 1920 940; x_wconf 79' lang='lat' dir='ltr'>haereticorum</span> 
     </span>
     <span class='ocr_line' id='line_1_22' title="bbox 1033 960 1923 1028; baseline -0.008 -14"><span class='ocrx_word' id='word_1_121' title='bbox 1033 1001 1067 1027; x_wconf 64' lang='lat'>7,</span> <span class='ocrx_word' id='word_1_122' title='bbox 1098 965 1368 1018; x_wconf 85' lang='lat' dir='ltr'>frustraretur</span> <span class='ocrx_word' id='word_1_123' title='bbox 1384 961 1566 1019; x_wconf 82' lang='lat' dir='ltr'>insania,</span> <span class='ocrx_word' id='word_1_124' title='bbox 1584 965 1661 1028; x_wconf 91' lang='lat' dir='ltr'>qui</span> <span class='ocrx_word' id='word_1_125' title='bbox 1680 980 1781 1009; x_wconf 90' lang='lat' dir='ltr'>eum</span> <span class='ocrx_word' id='word_1_126' title='bbox 1801 960 1826 1008; x_wconf 69' lang='grc' dir='ltr'><em>ἃ</em></span> <span class='ocrx_word' id='word_1_127' title='bbox 1842 965 1923 1007; x_wconf 76' lang='lat' dir='ltr'>Pa-</span> 
     </span>
     <span class='ocr_line' id='line_1_23' title="bbox 1034 1030 1916 1100; baseline -0.009 -17"><span class='ocrx_word' id='word_1_128' title='bbox 1034 1072 1067 1100; x_wconf 79' lang='lat'>„</span> <span class='ocrx_word' id='word_1_129' title='bbox 1098 1037 1205 1092; x_wconf 82' lang='lat' dir='ltr'>tris,</span> <span class='ocrx_word' id='word_1_130' title='bbox 1240 1035 1399 1098; x_wconf 71' lang='lat' dir='ltr'>&amp;Filij</span> <span class='ocrx_word' id='word_1_131' title='bbox 1431 1049 1584 1081; x_wconf 76' lang='lat' dir='ltr'>natura</span> <span class='ocrx_word' id='word_1_132' title='bbox 1599 1030 1784 1080; x_wconf 84' lang='lat' dir='ltr'>afferunt</span> <span class='ocrx_word' id='word_1_133' title='bbox 1812 1031 1916 1078; x_wconf 77' lang='lat' dir='ltr'>alie-</span> 
     </span>
    </p>
   </div>
   <div class='ocr_carea' id='block_1_6' title="bbox 1751 423 1888 469">
    <p class='ocr_par' dir='ltr' id='par_1_7' title="bbox 1751 423 1888 469">
     <span class='ocr_line' id='line_1_24' title="bbox 1751 423 1888 469; baseline -0.007 -12"><span class='ocrx_word' id='word_1_134' title='bbox 1751 423 1888 469; x_wconf 69' lang='grc' dir='ltr'>εςοι</span> 
     </span>
    </p>
   </div>
   <div class='ocr_carea' id='block_1_7' title="bbox 71 1103 1919 1316">
    <p class='ocr_par' dir='ltr' id='par_1_8' title="bbox 71 1103 1919 1316">
     <span class='ocr_line' id='line_1_25' title="bbox 71 1103 1919 1179; baseline -0.008 -18"><span class='ocrx_word' id='word_1_135' title='bbox 71 1112 183 1175; x_wconf 66' lang='lat' dir='ltr'>stom</span> <span class='ocrx_word' id='word_1_136' title='bbox 198 1112 240 1155; x_wconf 91' lang='lat' dir='ltr'><strong>A</strong></span> <span class='ocrx_word' id='word_1_137' title='bbox 258 1141 272 1165; x_wconf 66' lang='lat' dir='ltr'>a</span> <span class='ocrx_word' id='word_1_138' title='bbox 303 1127 368 1169; x_wconf 60' lang='grc' dir='ltr'>ξφ</span> <span class='ocrx_word' id='word_1_139' title='bbox 385 1124 431 1168; x_wconf 83' lang='grc' dir='ltr'>Ω</span> <span class='ocrx_word' id='word_1_140' title='bbox 465 1128 479 1165; x_wconf 82' lang='lat'><em>3</em></span> <span class='ocrx_word' id='word_1_141' title='bbox 507 1111 675 1179; x_wconf 73' lang='lat' dir='ltr'>primus</span> <span class='ocrx_word' id='word_1_142' title='bbox 691 1140 706 1166; x_wconf 80' lang='lat'>,</span> <span class='ocrx_word' id='word_1_143' title='bbox 723 1125 789 1167; x_wconf 55' lang='grc' dir='ltr'>ω’</span> <span class='ocrx_word' id='word_1_144' title='bbox 833 1109 976 1174; x_wconf 53' lang='lat' dir='ltr'>nouis:</span> <span class='ocrx_word' id='word_1_145' title='bbox 1034 1145 1066 1171; x_wconf 81' lang='lat'>„</span> <span class='ocrx_word' id='word_1_146' title='bbox 1098 1124 1207 1153; x_wconf 88' lang='lat' dir='ltr'>num</span> <span class='ocrx_word' id='word_1_147' title='bbox 1224 1137 1238 1161; x_wconf 88' lang='lat'>‚</span> <span class='ocrx_word' id='word_1_148' title='bbox 1258 1123 1360 1153; x_wconf 89' lang='lat' dir='ltr'>cum</span> <span class='ocrx_word' id='word_1_149' title='bbox 1377 1106 1510 1152; x_wconf 87' lang='lat' dir='ltr'>etiam</span> <span class='ocrx_word' id='word_1_150' title='bbox 1525 1121 1598 1169; x_wconf 85' lang='lat' dir='ltr'>per</span> <span class='ocrx_word' id='word_1_151' title='bbox 1616 1103 1739 1149; x_wconf 88' lang='lat' dir='ltr'>huius</span> <span class='ocrx_word' id='word_1_152' title='bbox 1756 1117 1919 1148; x_wconf 80' lang='lat' dir='ltr'>conue-</span> 
     </span>
     <span class='ocr_line' id='line_1_26' title="bbox 72 1160 1919 1252; baseline -0.006 -25"><span class='ocrx_word' id='word_1_153' title='bbox 72 1177 208 1241; x_wconf 75' lang='lat' dir='ltr'>fimus</span> <span class='ocrx_word' id='word_1_154' title='bbox 225 1209 240 1236; x_wconf 69' lang='lat'>2</span> <span class='ocrx_word' id='word_1_155' title='bbox 268 1181 536 1252; x_wconf 82' lang='lat' dir='ltr'>principium</span> <span class='ocrx_word' id='word_1_156' title='bbox 552 1210 567 1235; x_wconf 62' lang='lat' dir='ltr'>a</span> <span class='ocrx_word' id='word_1_157' title='bbox 585 1180 773 1243; x_wconf 63' lang='lat' dir='ltr'>&amp;finis-</span> <span class='ocrx_word' id='word_1_158' title='bbox 805 1160 1012 1225; x_wconf 72' lang='lat' dir='ltr'>Harumss</span> <span class='ocrx_word' id='word_1_159' title='bbox 1035 1214 1066 1241; x_wconf 60' lang='lat'>7,</span> <span class='ocrx_word' id='word_1_160' title='bbox 1097 1178 1312 1222; x_wconf 87' lang='lat' dir='ltr'>nientiam</span> <span class='ocrx_word' id='word_1_161' title='bbox 1331 1177 1502 1221; x_wconf 86' lang='lat' dir='ltr'>numeri</span> <span class='ocrx_word' id='word_1_162' title='bbox 1522 1175 1591 1221; x_wconf 90' lang='lat' dir='ltr'>hic</span> <span class='ocrx_word' id='word_1_163' title='bbox 1608 1189 1786 1236; x_wconf 87' lang='lat' dir='ltr'>quoque</span> <span class='ocrx_word' id='word_1_164' title='bbox 1800 1187 1919 1217; x_wconf 87' lang='lat' dir='ltr'>reue-</span> 
     </span>
     <span class='ocr_line' id='line_1_27' title="bbox 84 1240 1919 1316; baseline -0.006 -22"><span class='ocrx_word' id='word_1_165' title='bbox 84 1248 309 1301; x_wconf 79' lang='lat' dir='ltr'>literarum</span> <span class='ocrx_word' id='word_1_166' title='bbox 328 1250 568 1316; x_wconf 86' lang='lat' dir='ltr'>mysticum</span> <span class='ocrx_word' id='word_1_167' title='bbox 583 1246 756 1295; x_wconf 86' lang='lat' dir='ltr'>sensum</span> <span class='ocrx_word' id='word_1_168' title='bbox 784 1246 974 1294; x_wconf 82' lang='lat' dir='ltr'>declarat</span> <span class='ocrx_word' id='word_1_169' title='bbox 1033 1283 1063 1310; x_wconf 83' lang='lat'>„</span> <span class='ocrx_word' id='word_1_170' title='bbox 1098 1245 1207 1294; x_wconf 86' lang='lat' dir='ltr'>latio</span> <span class='ocrx_word' id='word_1_171' title='bbox 1234 1242 1446 1296; x_wconf 85' lang='lat' dir='ltr'>coelestis,</span> <span class='ocrx_word' id='word_1_172' title='bbox 1472 1240 1884 1289; x_wconf 79' lang='lat' dir='ltr'>consubstantialem</span> <span class='ocrx_word' id='word_1_173' title='bbox 1904 1269 1919 1292; x_wconf 83' lang='lat'>,</span> 
     </span>
    </p>
   </div>
   <div class='ocr_carea' id='block_1_8' title="bbox 78 1306 1926 2155">
    <p class='ocr_par' dir='ltr' id='par_1_9' title="bbox 78 1306 1926 2155">
     <span class='ocr_line' id='line_1_28' title="bbox 78 1306 1919 1384; baseline -0.007 -20"><span class='ocrx_word' id='word_1_174' title='bbox 78 1318 314 1368; x_wconf 85' lang='lat' dir='ltr'>Primasius</span> <span class='ocrx_word' id='word_1_175' title='bbox 332 1318 573 1384; x_wconf 87' lang='lat' dir='ltr'>Episcopus</span> <span class='ocrx_word' id='word_1_176' title='bbox 603 1319 650 1367; x_wconf 86' lang='lat' dir='ltr'>in</span> <span class='ocrx_word' id='word_1_177' title='bbox 671 1321 971 1362; x_wconf 83' lang='lat' dir='ltr'>Commenta-</span> <span class='ocrx_word' id='word_1_178' title='bbox 1031 1353 1063 1379; x_wconf 64' lang='lat'>7,</span> <span class='ocrx_word' id='word_1_179' title='bbox 1097 1322 1143 1360; x_wconf 73' lang='grc' dir='ltr'>δε</span> <span class='ocrx_word' id='word_1_180' title='bbox 1160 1327 1428 1360; x_wconf 82' lang='lat' dir='ltr'>coaeternum</span> <span class='ocrx_word' id='word_1_181' title='bbox 1445 1312 1565 1359; x_wconf 85' lang='lat' dir='ltr'>Patri</span> <span class='ocrx_word' id='word_1_182' title='bbox 1584 1341 1599 1365; x_wconf 60' lang='lat'>2</span> <span class='ocrx_word' id='word_1_183' title='bbox 1628 1318 1673 1357; x_wconf 85' lang='lat'>&amp;</span> <span class='ocrx_word' id='word_1_184' title='bbox 1692 1309 1803 1355; x_wconf 81' lang='lat' dir='ltr'>Filio</span> <span class='ocrx_word' id='word_1_185' title='bbox 1823 1306 1919 1353; x_wconf 80' lang='lat' dir='ltr'>san-</span> 
     </span>
     <span class='ocr_line' id='line_1_29' title="bbox 1027 1378 1922 1449; baseline -0.008 -18"><span class='ocrx_word' id='word_1_186' title='bbox 1027 1423 1060 1449; x_wconf 79' lang='lat'>„</span> <span class='ocrx_word' id='word_1_187' title='bbox 1097 1387 1215 1431; x_wconf 63' lang='lat' dir='ltr'>Cium</span> <span class='ocrx_word' id='word_1_188' title='bbox 1233 1385 1445 1449; x_wconf 86' lang='lat' dir='ltr'>Spiritum</span> <span class='ocrx_word' id='word_1_189' title='bbox 1472 1379 1750 1433; x_wconf 77' lang='lat' dir='ltr'>manlfestet,</span> <span class='ocrx_word' id='word_1_190' title='bbox 1781 1386 1825 1424; x_wconf 70' lang='grc' dir='ltr'>δε</span> <span class='ocrx_word' id='word_1_191' title='bbox 1843 1378 1922 1424; x_wconf 82' lang='lat' dir='ltr'>in..</span> 
     </span>
     <span class='ocr_line' id='line_1_30' title="bbox 1025 1444 1922 1520; baseline -0.014 -17"><span class='ocrx_word' id='word_1_192' title='bbox 1025 1493 1057 1520; x_wconf 83' lang='lat'>„</span> <span class='ocrx_word' id='word_1_193' title='bbox 1093 1453 1213 1502; x_wconf 89' lang='lat' dir='ltr'>stolis</span> <span class='ocrx_word' id='word_1_194' title='bbox 1233 1455 1335 1502; x_wconf 88' lang='lat' dir='ltr'>lotis</span> <span class='ocrx_word' id='word_1_195' title='bbox 1353 1452 1609 1503; x_wconf 87' lang='lat' dir='ltr'>diuinorum</span> <span class='ocrx_word' id='word_1_196' title='bbox 1623 1449 1769 1503; x_wconf 85' lang='lat' dir='ltr'>dicens</span> <span class='ocrx_word' id='word_1_197' title='bbox 1783 1444 1922 1493; x_wconf 90' lang='lat' dir='ltr'>custo-</span> 
     </span>
     <span class='ocr_line' id='line_1_31' title="bbox 1025 1521 1923 1591; baseline -0.013 -18"><span class='ocrx_word' id='word_1_198' title='bbox 1025 1563 1057 1591; x_wconf 81' lang='lat'>„</span> <span class='ocrx_word' id='word_1_199' title='bbox 1094 1522 1175 1572; x_wconf 83' lang='lat' dir='ltr'>diae</span> <span class='ocrx_word' id='word_1_200' title='bbox 1192 1521 1509 1572; x_wconf 85' lang='lat' dir='ltr'>mandatorum</span> <span class='ocrx_word' id='word_1_201' title='bbox 1530 1555 1542 1572; x_wconf 80' lang='grc'>,</span> <span class='ocrx_word' id='word_1_202' title='bbox 1559 1523 1685 1569; x_wconf 85' lang='lat' dir='ltr'>Nam</span> <span class='ocrx_word' id='word_1_203' title='bbox 1701 1550 1716 1575; x_wconf 80' lang='lat'>,</span> <span class='ocrx_word' id='word_1_204' title='bbox 1734 1526 1779 1566; x_wconf 85' lang='lat'>&amp;</span> <span class='ocrx_word' id='word_1_205' title='bbox 1798 1533 1923 1563; x_wconf 84' lang='lat' dir='ltr'>exor-</span> 
     </span>
     <span class='ocr_line' id='line_1_32' title="bbox 1025 1589 1915 1660; baseline -0.011 -19"><span class='ocrx_word' id='word_1_206' title='bbox 1025 1633 1058 1660; x_wconf 82' lang='lat'>„</span> <span class='ocrx_word' id='word_1_207' title='bbox 1093 1593 1218 1642; x_wconf 85' lang='lat' dir='ltr'>dium</span> <span class='ocrx_word' id='word_1_208' title='bbox 1233 1593 1464 1659; x_wconf 78' lang='lat' dir='ltr'>Euangelij</span> <span class='ocrx_word' id='word_1_209' title='bbox 1482 1590 1543 1638; x_wconf 88' lang='lat' dir='ltr'>sui</span> <span class='ocrx_word' id='word_1_210' title='bbox 1554 1593 1566 1637; x_wconf 86' lang='lat' dir='ltr'>i</span> <span class='ocrx_word' id='word_1_211' title='bbox 1570 1589 1713 1655; x_wconf 88' lang='lat' dir='ltr'>jsdem</span> <span class='ocrx_word' id='word_1_212' title='bbox 1728 1592 1915 1634; x_wconf 88' lang='lat' dir='ltr'>Ioannes</span> 
     </span>
     <span class='ocr_line' id='line_1_33' title="bbox 1019 1654 1920 1734; baseline -0.013 -21"><span class='ocrx_word' id='word_1_213' title='bbox 1019 1705 1053 1734; x_wconf 59' lang='lat'>9,</span> <span class='ocrx_word' id='word_1_214' title='bbox 1091 1663 1278 1712; x_wconf 81' lang='lat' dir='ltr'>sensibus</span> <span class='ocrx_word' id='word_1_215' title='bbox 1294 1696 1311 1721; x_wconf 81' lang='lat'>,</span> <span class='ocrx_word' id='word_1_216' title='bbox 1339 1666 1438 1711; x_wconf 89' lang='lat' dir='ltr'>licet</span> <span class='ocrx_word' id='word_1_217' title='bbox 1472 1659 1644 1710; x_wconf 86' lang='lat' dir='ltr'>diuerso</span> <span class='ocrx_word' id='word_1_218' title='bbox 1680 1657 1801 1706; x_wconf 89' lang='lat' dir='ltr'>orsus</span> <span class='ocrx_word' id='word_1_219' title='bbox 1836 1654 1920 1701; x_wconf 85' lang='lat' dir='ltr'>ser-</span> 
     </span>
     <span class='ocr_line' id='line_1_34' title="bbox 1023 1727 1913 1801; baseline -0.016 -17"><span class='ocrx_word' id='word_1_220' title='bbox 1023 1775 1057 1801; x_wconf 84' lang='lat'>„</span> <span class='ocrx_word' id='word_1_221' title='bbox 1092 1752 1226 1782; x_wconf 90' lang='lat' dir='ltr'>mone</span> <span class='ocrx_word' id='word_1_222' title='bbox 1242 1731 1513 1800; x_wconf 78' lang='lat' dir='ltr'>composuit,</span> <span class='ocrx_word' id='word_1_223' title='bbox 1528 1730 1673 1778; x_wconf 89' lang='lat' dir='ltr'>dicens</span> <span class='ocrx_word' id='word_1_224' title='bbox 1690 1732 1763 1775; x_wconf 85' lang='lat' dir='ltr'>:In</span> <span class='ocrx_word' id='word_1_225' title='bbox 1785 1727 1913 1774; x_wconf 86' lang='lat' dir='ltr'>Prin-</span> 
     </span>
     <span class='ocr_line' id='line_1_35' title="bbox 1019 1797 1922 1875; baseline -0.01 -22"><span class='ocrx_word' id='word_1_226' title='bbox 1019 1845 1055 1875; x_wconf 74' lang='lat'>„</span> <span class='ocrx_word' id='word_1_227' title='bbox 1089 1806 1206 1870; x_wconf 91' lang='lat' dir='ltr'>cipio</span> <span class='ocrx_word' id='word_1_228' title='bbox 1219 1803 1579 1857; x_wconf 78' lang='lat' dir='ltr'>eratVerbum,&amp;</span> <span class='ocrx_word' id='word_1_229' title='bbox 1596 1797 1800 1848; x_wconf 85' lang='lat' dir='ltr'>Verbum</span> <span class='ocrx_word' id='word_1_230' title='bbox 1819 1811 1890 1842; x_wconf 83' lang='lat' dir='ltr'>era</span> <span class='ocrx_word' id='word_1_231' title='bbox 1902 1807 1922 1844; x_wconf 83' lang='lat' dir='ltr'>t</span> 
     </span>
     <span class='ocr_line' id='line_1_36' title="bbox 1088 1866 1926 1941; baseline -0.017 -19"><span class='ocrx_word' id='word_1_232' title='bbox 1088 1875 1208 1941; x_wconf 87' lang='lat' dir='ltr'>apud</span> <span class='ocrx_word' id='word_1_233' title='bbox 1225 1878 1441 1931; x_wconf 84' lang='lat' dir='ltr'>Deum‚&amp;</span> <span class='ocrx_word' id='word_1_234' title='bbox 1457 1878 1581 1921; x_wconf 88' lang='lat' dir='ltr'>Deus</span> <span class='ocrx_word' id='word_1_235' title='bbox 1595 1883 1685 1916; x_wconf 83' lang='lat' dir='ltr'>erat</span> <span class='ocrx_word' id='word_1_236' title='bbox 1704 1866 1926 1918; x_wconf 83' lang='lat' dir='ltr'>Verbum,</span> 
     </span>
     <span class='ocr_line' id='line_1_37' title="bbox 1089 1933 1914 2012; baseline -0.017 -18"><span class='ocrx_word' id='word_1_237' title='bbox 1089 1954 1134 1994; x_wconf 73' lang='grc' dir='ltr'>δε</span> <span class='ocrx_word' id='word_1_238' title='bbox 1152 1945 1246 2012; x_wconf 86' lang='lat' dir='ltr'>post</span> <span class='ocrx_word' id='word_1_239' title='bbox 1260 1961 1412 2011; x_wconf 80' lang='lat' dir='ltr'>pauca:</span> <span class='ocrx_word' id='word_1_240' title='bbox 1432 1948 1488 1991; x_wconf 90' lang='lat' dir='ltr'>Et</span> <span class='ocrx_word' id='word_1_241' title='bbox 1504 1941 1699 1992; x_wconf 86' lang='lat' dir='ltr'>Verbum</span> <span class='ocrx_word' id='word_1_242' title='bbox 1715 1941 1834 1985; x_wconf 86' lang='lat' dir='ltr'>Caro</span> <span class='ocrx_word' id='word_1_243' title='bbox 1850 1933 1914 1982; x_wconf 82' lang='lat' dir='ltr'>fa-</span> 
     </span>
     <span class='ocr_line' id='line_1_38' title="bbox 1028 2006 1916 2089; baseline -0.016 -24"><span class='ocrx_word' id='word_1_244' title='bbox 1028 2060 1061 2089; x_wconf 68' lang='lat'>„</span> <span class='ocrx_word' id='word_1_245' title='bbox 1090 2019 1209 2064; x_wconf 68' lang='lat' dir='ltr'>ctum</span> <span class='ocrx_word' id='word_1_246' title='bbox 1224 2016 1392 2064; x_wconf 85' lang='lat' dir='ltr'>est.Vbi</span> <span class='ocrx_word' id='word_1_247' title='bbox 1413 2015 1552 2066; x_wconf 86' lang='lat' dir='ltr'>totius</span> <span class='ocrx_word' id='word_1_248' title='bbox 1583 2008 1686 2057; x_wconf 86' lang='lat' dir='ltr'>fidei</span> <span class='ocrx_word' id='word_1_249' title='bbox 1705 2006 1916 2056; x_wconf 47' lang='lat' dir='ltr'>summa„</span> 
     </span>
     <span class='ocr_line' id='line_1_39' title="bbox 1024 2074 1917 2155; baseline -0.016 -22"><span class='ocrx_word' id='word_1_250' title='bbox 1024 2127 1060 2155; x_wconf 55' lang='grc' dir='ltr'><em>Ὤ</em></span> <span class='ocrx_word' id='word_1_251' title='bbox 1087 2085 1308 2141; x_wconf 84' lang='lat' dir='ltr'>confistit,</span> <span class='ocrx_word' id='word_1_252' title='bbox 1339 2088 1454 2133; x_wconf 82' lang='lat' dir='ltr'>Vtin</span> <span class='ocrx_word' id='word_1_253' title='bbox 1474 2097 1566 2130; x_wconf 88' lang='lat' dir='ltr'>vno</span> <span class='ocrx_word' id='word_1_254' title='bbox 1581 2109 1597 2133; x_wconf 81' lang='lat'>,</span> <span class='ocrx_word' id='word_1_255' title='bbox 1627 2074 1917 2137; x_wconf 58' lang='lat' dir='ltr'>eodemque-2</span> 
     </span>
    </p>
   </div>
   <div class='ocr_carea' id='block_1_9' title="bbox 1025 2149 1918 2273">
    <p class='ocr_par' dir='ltr' id='par_1_10' title="bbox 1025 2149 1918 2273">
     <span class='ocr_line' id='line_1_40' title="bbox 1025 2149 1918 2217; baseline -0.025 -7"><span class='ocrx_word' id='word_1_256' title='bbox 1025 2185 1059 2209; x_wconf 63' lang='grc' dir='ltr'><strong>π</strong></span> <span class='ocrx_word' id='word_1_257' title='bbox 1089 2154 1264 2200; x_wconf 84' lang='lat' dir='ltr'>Christo</span> <span class='ocrx_word' id='word_1_258' title='bbox 1297 2149 1689 2217; x_wconf 46' lang='lat' dir='ltr'>perfecitqDeitaS,</span> <span class='ocrx_word' id='word_1_259' title='bbox 1720 2152 1918 2191; x_wconf 67' lang='lat' dir='ltr'>&amp;Vera-3</span> 
     </span>
     <span class='ocr_line' id='line_1_41' title="bbox 1026 2215 1592 2273; baseline -0.011 -15"><span class='ocrx_word' id='word_1_260' title='bbox 1026 2246 1056 2273; x_wconf 69' lang='lat'>2,</span> <span class='ocrx_word' id='word_1_261' title='bbox 1088 2215 1288 2257; x_wconf 85' lang='lat' dir='ltr'>credatur</span> <span class='ocrx_word' id='word_1_262' title='bbox 1303 2217 1562 2255; x_wconf 78' lang='lat' dir='ltr'>humanitas</span> <span class='ocrx_word' id='word_1_263' title='bbox 1579 2239 1592 2252; x_wconf 88' lang='lat'><strong>.</strong></span> 
     </span>
    </p>
   </div>
   <div class='ocr_carea' id='block_1_10' title="bbox 1019 2275 1923 2554">
    <p class='ocr_par' dir='ltr' id='par_1_11' title="bbox 1019 2275 1923 2554">
     <span class='ocr_line' id='line_1_42' title="bbox 1122 2275 1921 2345; baseline 0.004 -20"><span class='ocrx_word' id='word_1_264' title='bbox 1122 2277 1324 2336; x_wconf 66' lang='lat' dir='ltr'>At2vnde</span> <span class='ocrx_word' id='word_1_265' title='bbox 1341 2275 1524 2345; x_wconf 82' lang='lat' dir='ltr'>digreffa</span> <span class='ocrx_word' id='word_1_266' title='bbox 1536 2276 1839 2336; x_wconf 62' lang='lat' dir='ltr'>fuerat20ratio</span> <span class='ocrx_word' id='word_1_267' title='bbox 1855 2298 1921 2328; x_wconf 82' lang='lat' dir='ltr'>re-</span> 
     </span>
     <span class='ocr_line' id='line_1_43' title="bbox 1019 2346 1916 2413; baseline -0.003 -15"><span class='ocrx_word' id='word_1_268' title='bbox 1019 2363 1214 2398; x_wconf 86' lang='lat' dir='ltr'>uertatur</span> <span class='ocrx_word' id='word_1_269' title='bbox 1229 2381 1241 2392; x_wconf 92' lang='lat'><strong>.</strong></span> <span class='ocrx_word' id='word_1_270' title='bbox 1279 2352 1416 2413; x_wconf 85' lang='lat' dir='ltr'>Supra</span> <span class='ocrx_word' id='word_1_271' title='bbox 1431 2346 1626 2398; x_wconf 89' lang='lat' dir='ltr'>eundem</span> <span class='ocrx_word' id='word_1_272' title='bbox 1645 2351 1818 2399; x_wconf 86' lang='lat' dir='ltr'>Arcum</span> <span class='ocrx_word' id='word_1_273' title='bbox 1835 2349 1916 2400; x_wconf 61' lang='lat' dir='ltr'>im</span> 
     </span>
     <span class='ocr_line' id='line_1_44' title="bbox 1020 2415 1923 2485; baseline 0 -18"><span class='ocrx_word' id='word_1_274' title='bbox 1020 2419 1184 2485; x_wconf 83' lang='lat' dir='ltr'>angulo</span> <span class='ocrx_word' id='word_1_275' title='bbox 1227 2415 1443 2484; x_wconf 68' lang='lat' dir='ltr'>spectatur</span> <span class='ocrx_word' id='word_1_276' title='bbox 1478 2418 1547 2467; x_wconf 82' lang='lat' dir='ltr'>vir</span> <span class='ocrx_word' id='word_1_277' title='bbox 1589 2416 1890 2467; x_wconf 85' lang='lat' dir='ltr'>Diadematus</span> <span class='ocrx_word' id='word_1_278' title='bbox 1905 2450 1923 2475; x_wconf 76' lang='lat'>‚</span> 
     </span>
     <span class='ocr_line' id='line_1_45' title="bbox 1025 2485 1920 2554; baseline -0.002 -17"><span class='ocrx_word' id='word_1_279' title='bbox 1025 2493 1241 2541; x_wconf 86' lang='lat' dir='ltr'>volumen</span> <span class='ocrx_word' id='word_1_280' title='bbox 1257 2485 1500 2554; x_wconf 80' lang='lat' dir='ltr'>expansum</span> <span class='ocrx_word' id='word_1_281' title='bbox 1521 2503 1607 2551; x_wconf 86' lang='lat' dir='ltr'>prae</span> <span class='ocrx_word' id='word_1_282' title='bbox 1624 2485 1835 2534; x_wconf 90' lang='lat' dir='ltr'>manibus</span> <span class='ocrx_word' id='word_1_283' title='bbox 1855 2501 1920 2535; x_wconf 84' lang='lat' dir='ltr'>te-</span> 
     </span>
    </p>
   </div>
   <div class='ocr_carea' id='block_1_11' title="bbox 71 1382 967 2003">
    <p class='ocr_par' dir='ltr' id='par_1_12' title="bbox 71 1382 967 2003">
     <span class='ocr_line' id='line_1_46' title="bbox 71 1382 967 1451; baseline -0.006 -18"><span class='ocrx_word' id='word_1_284' title='bbox 71 1384 154 1451; x_wconf 73' lang='lat' dir='ltr'>⁴rijs</span> <span class='ocrx_word' id='word_1_285' title='bbox 187 1387 242 1433; x_wconf 89' lang='lat' dir='ltr'>ad</span> <span class='ocrx_word' id='word_1_286' title='bbox 275 1387 397 1433; x_wconf 88' lang='lat' dir='ltr'>idem</span> <span class='ocrx_word' id='word_1_287' title='bbox 425 1399 586 1449; x_wconf 85' lang='lat' dir='ltr'>caput,</span> <span class='ocrx_word' id='word_1_288' title='bbox 614 1385 691 1432; x_wconf 89' lang='lat' dir='ltr'>vbi</span> <span class='ocrx_word' id='word_1_289' title='bbox 715 1382 794 1430; x_wconf 86' lang='lat' dir='ltr'>fic:</span> <span class='ocrx_word' id='word_1_290' title='bbox 830 1382 967 1446; x_wconf 83' lang='lat' dir='ltr'>Qod</span> 
     </span>
     <span class='ocr_line' id='line_1_47' title="bbox 79 1453 965 1520; baseline 0 -21"><span class='ocrx_word' id='word_1_291' title='bbox 79 1482 111 1509; x_wconf 84' lang='lat'>‚,</span> <span class='ocrx_word' id='word_1_292' title='bbox 137 1468 289 1501; x_wconf 87' lang='lat' dir='ltr'>autem</span> <span class='ocrx_word' id='word_1_293' title='bbox 305 1457 352 1505; x_wconf 91' lang='lat' dir='ltr'>in</span> <span class='ocrx_word' id='word_1_294' title='bbox 376 1453 576 1520; x_wconf 89' lang='lat' dir='ltr'>praesenti</span> <span class='ocrx_word' id='word_1_295' title='bbox 606 1454 720 1502; x_wconf 79' lang='lat' dir='ltr'>libro</span> <span class='ocrx_word' id='word_1_296' title='bbox 736 1454 867 1500; x_wconf 88' lang='lat' dir='ltr'>toties</span> <span class='ocrx_word' id='word_1_297' title='bbox 887 1457 931 1499; x_wconf 76' lang='lat' dir='ltr'>A</span> <span class='ocrx_word' id='word_1_298' title='bbox 948 1484 965 1509; x_wconf 85' lang='lat'>,</span> 
     </span>
     <span class='ocr_line' id='line_1_48' title="bbox 79 1523 966 1590; baseline -0.003 -18"><span class='ocrx_word' id='word_1_299' title='bbox 79 1552 112 1581; x_wconf 64' lang='lat'>7,</span> <span class='ocrx_word' id='word_1_300' title='bbox 137 1532 182 1572; x_wconf 84' lang='lat'>&amp;</span> <span class='ocrx_word' id='word_1_301' title='bbox 211 1523 258 1568; x_wconf 84' lang='grc' dir='ltr'>Ω</span> <span class='ocrx_word' id='word_1_302' title='bbox 291 1528 528 1590; x_wconf 87' lang='lat' dir='ltr'>repetitum</span> <span class='ocrx_word' id='word_1_303' title='bbox 547 1523 708 1580; x_wconf 82' lang='lat' dir='ltr'>video,</span> <span class='ocrx_word' id='word_1_304' title='bbox 743 1541 836 1570; x_wconf 91' lang='lat' dir='ltr'>non</span> <span class='ocrx_word' id='word_1_305' title='bbox 870 1524 966 1570; x_wconf 82' lang='lat' dir='ltr'>ina-</span> 
     </span>
     <span class='ocr_line' id='line_1_49' title="bbox 79 1592 957 1659; baseline -0.002 -17"><span class='ocrx_word' id='word_1_306' title='bbox 79 1624 112 1651; x_wconf 83' lang='lat'>„</span> <span class='ocrx_word' id='word_1_307' title='bbox 137 1595 250 1642; x_wconf 88' lang='lat' dir='ltr'>niter</span> <span class='ocrx_word' id='word_1_308' title='bbox 266 1595 433 1644; x_wconf 65' lang='lat' dir='ltr'>fastum</span> <span class='ocrx_word' id='word_1_309' title='bbox 450 1593 570 1643; x_wconf 82' lang='lat' dir='ltr'>fuiffe</span> <span class='ocrx_word' id='word_1_310' title='bbox 585 1592 811 1659; x_wconf 83' lang='lat' dir='ltr'>cognosco</span> <span class='ocrx_word' id='word_1_311' title='bbox 830 1624 843 1643; x_wconf 73' lang='lat'>0.</span> <span class='ocrx_word' id='word_1_312' title='bbox 860 1595 957 1640; x_wconf 87' lang='lat' dir='ltr'>Siue</span> 
     </span>
     <span class='ocr_line' id='line_1_50' title="bbox 78 1662 959 1732; baseline 0.002 -21"><span class='ocrx_word' id='word_1_313' title='bbox 78 1694 111 1721; x_wconf 63' lang='lat'>7,</span> <span class='ocrx_word' id='word_1_314' title='bbox 138 1666 259 1712; x_wconf 87' lang='lat' dir='ltr'>enim</span> <span class='ocrx_word' id='word_1_315' title='bbox 279 1679 459 1732; x_wconf 88' lang='lat' dir='ltr'>propter</span> <span class='ocrx_word' id='word_1_316' title='bbox 473 1667 602 1712; x_wconf 83' lang='lat' dir='ltr'>vnius</span> <span class='ocrx_word' id='word_1_317' title='bbox 631 1662 795 1712; x_wconf 87' lang='lat' dir='ltr'>Christi</span> <span class='ocrx_word' id='word_1_318' title='bbox 829 1665 959 1713; x_wconf 74' lang='lat' dir='ltr'>Diui-</span> 
     </span>
     <span class='ocr_line' id='line_1_51' title="bbox 78 1731 959 1801; baseline 0.002 -21"><span class='ocrx_word' id='word_1_319' title='bbox 78 1763 111 1793; x_wconf 83' lang='lat'>„</span> <span class='ocrx_word' id='word_1_320' title='bbox 139 1735 357 1791; x_wconf 86' lang='lat' dir='ltr'>nitatem,</span> <span class='ocrx_word' id='word_1_321' title='bbox 385 1743 430 1783; x_wconf 86' lang='lat'>&amp;</span> <span class='ocrx_word' id='word_1_322' title='bbox 448 1733 776 1783; x_wconf 79' lang='lat' dir='ltr'>humanitatem</span> <span class='ocrx_word' id='word_1_323' title='bbox 808 1731 959 1801; x_wconf 72' lang='lat' dir='ltr'>saepius</span> 
     </span>
     <span class='ocr_line' id='line_1_52' title="bbox 80 1803 963 1870; baseline 0.002 -22"><span class='ocrx_word' id='word_1_324' title='bbox 80 1831 114 1860; x_wconf 64' lang='lat'>9,</span> <span class='ocrx_word' id='word_1_325' title='bbox 138 1803 477 1860; x_wconf 80' lang='lat' dir='ltr'>insinuandam,</span> <span class='ocrx_word' id='word_1_326' title='bbox 501 1807 548 1852; x_wconf 93' lang='lat' dir='ltr'>in</span> <span class='ocrx_word' id='word_1_327' title='bbox 567 1823 654 1870; x_wconf 80' lang='lat' dir='ltr'>qua</span> <span class='ocrx_word' id='word_1_328' title='bbox 676 1806 813 1852; x_wconf 85' lang='lat' dir='ltr'>totius</span> <span class='ocrx_word' id='word_1_329' title='bbox 830 1805 963 1852; x_wconf 86' lang='lat' dir='ltr'>Chri-</span> 
     </span>
     <span class='ocr_line' id='line_1_53' title="bbox 81 1872 963 1940; baseline 0.002 -20"><span class='ocrx_word' id='word_1_330' title='bbox 81 1902 113 1932; x_wconf 81' lang='lat'>„</span> <span class='ocrx_word' id='word_1_331' title='bbox 139 1872 283 1921; x_wconf 83' lang='lat' dir='ltr'>stianae</span> <span class='ocrx_word' id='word_1_332' title='bbox 305 1872 407 1922; x_wconf 84' lang='lat' dir='ltr'>fidei</span> <span class='ocrx_word' id='word_1_333' title='bbox 447 1872 619 1922; x_wconf 88' lang='lat' dir='ltr'>summa</span> <span class='ocrx_word' id='word_1_334' title='bbox 633 1873 827 1922; x_wconf 87' lang='lat' dir='ltr'>constare</span> <span class='ocrx_word' id='word_1_335' title='bbox 854 1891 963 1940; x_wconf 85' lang='lat' dir='ltr'>prae-</span> 
     </span>
     <span class='ocr_line' id='line_1_54' title="bbox 79 1942 962 2003; baseline 0.003 -14"><span class='ocrx_word' id='word_1_336' title='bbox 79 1972 114 2003; x_wconf 64' lang='lat'>3,</span> <span class='ocrx_word' id='word_1_337' title='bbox 138 1942 336 1992; x_wconf 86' lang='lat' dir='ltr'>misimus</span> <span class='ocrx_word' id='word_1_338' title='bbox 355 1975 370 2001; x_wconf 87' lang='lat'>,</span> <span class='ocrx_word' id='word_1_339' title='bbox 385 1943 472 1992; x_wconf 89' lang='lat' dir='ltr'>fiue</span> <span class='ocrx_word' id='word_1_340' title='bbox 489 1959 539 1994; x_wconf 87' lang='lat' dir='ltr'>vt</span> <span class='ocrx_word' id='word_1_341' title='bbox 559 1947 687 1996; x_wconf 86' lang='lat' dir='ltr'>vnius</span> <span class='ocrx_word' id='word_1_342' title='bbox 707 1960 872 1994; x_wconf 85' lang='lat' dir='ltr'>naturae</span> <span class='ocrx_word' id='word_1_343' title='bbox 891 1960 962 1992; x_wconf 89' lang='lat' dir='ltr'>to-</span> 
     </span>
    </p>
   </div>
   <div class='ocr_carea' id='block_1_12' title="bbox 78 2013 970 2143">
    <p class='ocr_par' dir='ltr' id='par_1_13' title="bbox 78 2013 970 2143">
     <span class='ocr_line' id='line_1_55' title="bbox 79 2013 970 2071; baseline 0.002 -10"><span class='ocrx_word' id='word_1_344' title='bbox 79 2045 110 2071; x_wconf 87' lang='lat'>„</span> <span class='ocrx_word' id='word_1_345' title='bbox 138 2026 182 2061; x_wconf 83' lang='lat' dir='ltr'>ta</span> <span class='ocrx_word' id='word_1_346' title='bbox 199 2013 403 2066; x_wconf 85' lang='lat' dir='ltr'>Trinitas</span> <span class='ocrx_word' id='word_1_347' title='bbox 415 2017 662 2070; x_wconf 80' lang='lat' dir='ltr'>intimetur,</span> <span class='ocrx_word' id='word_1_348' title='bbox 677 2017 754 2069; x_wconf 76' lang='lat' dir='ltr'>Qui</span> <span class='ocrx_word' id='word_1_349' title='bbox 771 2033 844 2071; x_wconf 86' lang='lat' dir='ltr'>per</span> <span class='ocrx_word' id='word_1_350' title='bbox 860 2019 947 2063; x_wconf 91' lang='lat' dir='ltr'>Pro</span> <span class='ocrx_word' id='word_1_351' title='bbox 958 2041 970 2051; x_wconf 87' lang='lat'><strong>·</strong></span> 
     </span>
     <span class='ocr_line' id='line_1_56' title="bbox 78 2082 966 2143; baseline -0.001 -19"><span class='ocrx_word' id='word_1_352' title='bbox 78 2104 112 2140; x_wconf 57' lang='lat'>5,</span> <span class='ocrx_word' id='word_1_353' title='bbox 139 2083 322 2143; x_wconf 81' lang='lat' dir='ltr'>phetam</span> <span class='ocrx_word' id='word_1_354' title='bbox 355 2084 488 2125; x_wconf 80' lang='lat' dir='ltr'>dicit:</span> <span class='ocrx_word' id='word_1_355' title='bbox 523 2082 645 2121; x_wconf 84' lang='lat' dir='ltr'>Ante</span> <span class='ocrx_word' id='word_1_356' title='bbox 679 2090 753 2120; x_wconf 89' lang='lat' dir='ltr'>me</span> <span class='ocrx_word' id='word_1_357' title='bbox 782 2091 877 2124; x_wconf 91' lang='lat' dir='ltr'>non</span> <span class='ocrx_word' id='word_1_358' title='bbox 906 2084 966 2129; x_wconf 87' lang='lat' dir='ltr'>est</span> 
     </span>
    </p>
   </div>
   <div class='ocr_carea' id='block_1_13' title="bbox 80 2141 962 2558">
    <p class='ocr_par' dir='ltr' id='par_1_14' title="bbox 80 2141 962 2558">
     <span class='ocr_line' id='line_1_57' title="bbox 81 2141 962 2208; baseline -0.009 -13"><span class='ocrx_word' id='word_1_359' title='bbox 81 2182 112 2208; x_wconf 89' lang='lat'>„</span> <span class='ocrx_word' id='word_1_360' title='bbox 140 2147 357 2195; x_wconf 86' lang='lat' dir='ltr'>formatus</span> <span class='ocrx_word' id='word_1_361' title='bbox 373 2149 495 2192; x_wconf 91' lang='lat' dir='ltr'>Deus</span> <span class='ocrx_word' id='word_1_362' title='bbox 513 2174 528 2199; x_wconf 80' lang='lat'>,</span> <span class='ocrx_word' id='word_1_363' title='bbox 553 2151 599 2190; x_wconf 70' lang='grc' dir='ltr'>δε</span> <span class='ocrx_word' id='word_1_364' title='bbox 617 2141 713 2208; x_wconf 89' lang='lat' dir='ltr'>post</span> <span class='ocrx_word' id='word_1_365' title='bbox 733 2157 806 2190; x_wconf 88' lang='lat' dir='ltr'>me</span> <span class='ocrx_word' id='word_1_366' title='bbox 835 2157 962 2187; x_wconf 86' lang='lat' dir='ltr'>non..</span> 
     </span>
     <span class='ocr_line' id='line_1_58' title="bbox 80 2208 961 2282; baseline -0.01 -17"><span class='ocrx_word' id='word_1_367' title='bbox 80 2250 110 2278; x_wconf 70' lang='lat'>³³</span> <span class='ocrx_word' id='word_1_368' title='bbox 143 2219 222 2264; x_wconf 92' lang='lat' dir='ltr'>erit</span> <span class='ocrx_word' id='word_1_369' title='bbox 239 2248 252 2261; x_wconf 89' lang='lat'><strong>.</strong></span> <span class='ocrx_word' id='word_1_370' title='bbox 279 2219 376 2282; x_wconf 85' lang='lat' dir='ltr'>Ego</span> <span class='ocrx_word' id='word_1_371' title='bbox 403 2212 499 2265; x_wconf 89' lang='lat' dir='ltr'>sum</span> <span class='ocrx_word' id='word_1_372' title='bbox 522 2213 651 2260; x_wconf 68' lang='lat' dir='ltr'>&#39;Deus</span> <span class='ocrx_word' id='word_1_373' title='bbox 671 2242 687 2268; x_wconf 80' lang='lat'>,</span> <span class='ocrx_word' id='word_1_374' title='bbox 717 2219 762 2259; x_wconf 64' lang='grc' dir='ltr'>δέ</span> <span class='ocrx_word' id='word_1_375' title='bbox 784 2227 876 2257; x_wconf 91' lang='lat' dir='ltr'>non</span> <span class='ocrx_word' id='word_1_376' title='bbox 902 2208 961 2257; x_wconf 88' lang='lat' dir='ltr'>est</span> 
     </span>
     <span class='ocr_line' id='line_1_59' title="bbox 80 2281 959 2352; baseline -0.01 -18"><span class='ocrx_word' id='word_1_377' title='bbox 80 2321 110 2347; x_wconf 85' lang='lat'>„</span> <span class='ocrx_word' id='word_1_378' title='bbox 144 2285 304 2352; x_wconf 86' lang='lat' dir='ltr'>absque</span> <span class='ocrx_word' id='word_1_379' title='bbox 330 2302 402 2332; x_wconf 92' lang='lat' dir='ltr'>me</span> <span class='ocrx_word' id='word_1_380' title='bbox 434 2285 634 2333; x_wconf 79' lang='lat' dir='ltr'>Saluator</span> <span class='ocrx_word' id='word_1_381' title='bbox 656 2313 671 2337; x_wconf 69' lang='lat'>³</span> <span class='ocrx_word' id='word_1_382' title='bbox 699 2281 771 2330; x_wconf 89' lang='lat' dir='ltr'>vel</span> <span class='ocrx_word' id='word_1_383' title='bbox 800 2283 868 2327; x_wconf 91' lang='lat' dir='ltr'>cui</span> <span class='ocrx_word' id='word_1_384' title='bbox 884 2297 959 2346; x_wconf 87' lang='lat' dir='ltr'>per</span> 
     </span>
     <span class='ocr_line' id='line_1_60' title="bbox 84 2353 960 2422; baseline -0.011 -16"><span class='ocrx_word' id='word_1_385' title='bbox 84 2391 113 2416; x_wconf 82' lang='lat'>„</span> <span class='ocrx_word' id='word_1_386' title='bbox 145 2355 414 2422; x_wconf 81' lang='lat' dir='ltr'>Prophetam</span> <span class='ocrx_word' id='word_1_387' title='bbox 435 2356 610 2405; x_wconf 86' lang='lat' dir='ltr'>Dicitur</span> <span class='ocrx_word' id='word_1_388' title='bbox 631 2353 727 2399; x_wconf 88' lang='lat' dir='ltr'>:Tu</span> <span class='ocrx_word' id='word_1_389' title='bbox 742 2367 785 2399; x_wconf 85' lang='lat' dir='ltr'>es</span> <span class='ocrx_word' id='word_1_390' title='bbox 800 2354 924 2398; x_wconf 87' lang='lat' dir='ltr'>Deus</span> <span class='ocrx_word' id='word_1_391' title='bbox 944 2381 960 2406; x_wconf 87' lang='lat'>‚</span> 
     </span>
     <span class='ocr_line' id='line_1_61' title="bbox 85 2420 961 2491; baseline -0.009 -17"><span class='ocrx_word' id='word_1_392' title='bbox 85 2459 118 2485; x_wconf 83' lang='lat'>„</span> <span class='ocrx_word' id='word_1_393' title='bbox 149 2435 191 2474; x_wconf 60' lang='grc' dir='ltr'>δέ</span> <span class='ocrx_word' id='word_1_394' title='bbox 207 2440 307 2473; x_wconf 86' lang='lat' dir='ltr'>ante</span> <span class='ocrx_word' id='word_1_395' title='bbox 322 2456 336 2481; x_wconf 80' lang='lat'>,</span> <span class='ocrx_word' id='word_1_396' title='bbox 364 2434 409 2473; x_wconf 83' lang='lat'>&amp;</span> <span class='ocrx_word' id='word_1_397' title='bbox 426 2438 576 2491; x_wconf 81' lang='lat' dir='ltr'>praeter</span> <span class='ocrx_word' id='word_1_398' title='bbox 592 2438 633 2470; x_wconf 91' lang='lat' dir='ltr'>te</span> <span class='ocrx_word' id='word_1_399' title='bbox 648 2438 744 2469; x_wconf 89' lang='lat' dir='ltr'>non</span> <span class='ocrx_word' id='word_1_400' title='bbox 761 2420 821 2469; x_wconf 89' lang='lat' dir='ltr'>est</span> <span class='ocrx_word' id='word_1_401' title='bbox 852 2420 961 2470; x_wconf 83' lang='lat' dir='ltr'>alius</span> 
     </span>
     <span class='ocr_line' id='line_1_62' title="bbox 88 2491 962 2558; baseline -0.008 -15"><span class='ocrx_word' id='word_1_402' title='bbox 88 2529 118 2556; x_wconf 79' lang='lat'>„</span> <span class='ocrx_word' id='word_1_403' title='bbox 150 2498 271 2543; x_wconf 86' lang='lat' dir='ltr'>Deus</span> <span class='ocrx_word' id='word_1_404' title='bbox 285 2511 311 2550; x_wconf 60' lang='lat'>‚⁴</span> <span class='ocrx_word' id='word_1_405' title='bbox 334 2494 418 2542; x_wconf 80' lang='lat' dir='ltr'>siue</span> <span class='ocrx_word' id='word_1_406' title='bbox 433 2493 552 2542; x_wconf 79' lang='lat' dir='ltr'>aliud</span> <span class='ocrx_word' id='word_1_407' title='bbox 578 2491 748 2558; x_wconf 87' lang='lat' dir='ltr'>aliquid</span> <span class='ocrx_word' id='word_1_408' title='bbox 764 2491 962 2539; x_wconf 84' lang='lat' dir='ltr'>melioris</span> 
     </span>
    </p>
   </div>
   <div class='ocr_carea' id='block_1_14' title="bbox 968 1911 1057 1955">
    <p class='ocr_par' dir='ltr' id='par_1_15' title="bbox 968 1911 1057 1955">
     <span class='ocr_line' id='line_1_63' title="bbox 968 1911 1057 1955; baseline -0.034 -10"><span class='ocrx_word' id='word_1_409' title='bbox 968 1911 1057 1955; x_wconf 71' lang='lat' dir='ltr'>Cn</span> 
     </span>
    </p>
   </div>
   <div class='ocr_carea' id='block_1_15' title="bbox 1026 1987 1059 2017">
    <p class='ocr_par' dir='ltr' id='par_1_16' title="bbox 1026 1987 1059 2017">
     <span class='ocr_line' id='line_1_64' title="bbox 1026 1987 1059 2017; baseline 0 -6"><span class='ocrx_word' id='word_1_410' title='bbox 1026 1987 1059 2017; x_wconf 63' lang='lat'>3)</span> 
     </span>
    </p>
   </div>
   <div class='ocr_carea' id='block_1_16' title="bbox 88 2554 1918 2910">
    <p class='ocr_par' dir='ltr' id='par_1_17' title="bbox 88 2554 1918 2910">
     <span class='ocr_line' id='line_1_65' title="bbox 89 2554 1915 2629; baseline -0.004 -19"><span class='ocrx_word' id='word_1_411' title='bbox 89 2600 119 2626; x_wconf 50' lang='grc' dir='ltr'>υ</span> <span class='ocrx_word' id='word_1_412' title='bbox 152 2565 298 2620; x_wconf 84' lang='lat' dir='ltr'>lateat,</span> <span class='ocrx_word' id='word_1_413' title='bbox 309 2561 626 2629; x_wconf 83' lang='lat' dir='ltr'>secretiorisque</span> <span class='ocrx_word' id='word_1_414' title='bbox 639 2560 856 2628; x_wconf 64' lang='lat' dir='ltr'>mysterii,</span> <span class='ocrx_word' id='word_1_415' title='bbox 872 2576 967 2611; x_wconf 86' lang='lat' dir='ltr'>non</span> <span class='ocrx_word' id='word_1_416' title='bbox 1024 2577 1132 2608; x_wconf 86' lang='lat' dir='ltr'>nens</span> <span class='ocrx_word' id='word_1_417' title='bbox 1147 2589 1165 2616; x_wconf 82' lang='lat'>‚</span> <span class='ocrx_word' id='word_1_418' title='bbox 1189 2556 1304 2606; x_wconf 91' lang='lat' dir='ltr'>veste</span> <span class='ocrx_word' id='word_1_419' title='bbox 1319 2557 1420 2605; x_wconf 83' lang='lat' dir='ltr'>alba</span> <span class='ocrx_word' id='word_1_420' title='bbox 1451 2554 1751 2604; x_wconf 79' lang='lat' dir='ltr'>circumdatus</span> <span class='ocrx_word' id='word_1_421' title='bbox 1772 2575 1784 2609; x_wconf 54' lang='lat' dir='ltr'>z„</span> <span class='ocrx_word' id='word_1_422' title='bbox 1811 2570 1915 2613; x_wconf 83' lang='lat' dir='ltr'>ante</span> 
     </span>
     <span class='ocr_line' id='line_1_66' title="bbox 89 2624 1913 2702; baseline -0.003 -23"><span class='ocrx_word' id='word_1_423' title='bbox 89 2654 125 2695; x_wconf 65' lang='lat'>,5</span> <span class='ocrx_word' id='word_1_424' title='bbox 155 2648 303 2682; x_wconf 81' lang='lat' dir='ltr'>tamen</span> <span class='ocrx_word' id='word_1_425' title='bbox 315 2633 485 2690; x_wconf 77' lang='lat' dir='ltr'>dubim,</span> <span class='ocrx_word' id='word_1_426' title='bbox 499 2633 554 2684; x_wconf 81' lang='lat' dir='ltr'>ad</span> <span class='ocrx_word' id='word_1_427' title='bbox 572 2633 656 2681; x_wconf 81' lang='lat' dir='ltr'>hoc</span> <span class='ocrx_word' id='word_1_428' title='bbox 670 2631 821 2698; x_wconf 82' lang='lat' dir='ltr'>saepius</span> <span class='ocrx_word' id='word_1_429' title='bbox 833 2632 1009 2702; x_wconf 82' lang='lat' dir='ltr'>itera-D</span> <span class='ocrx_word' id='word_1_430' title='bbox 1024 2628 1170 2699; x_wconf 84' lang='lat' dir='ltr'>ipsum</span> <span class='ocrx_word' id='word_1_431' title='bbox 1186 2628 1267 2676; x_wconf 88' lang='lat' dir='ltr'>stat</span> <span class='ocrx_word' id='word_1_432' title='bbox 1281 2630 1410 2676; x_wconf 90' lang='lat' dir='ltr'>turris</span> <span class='ocrx_word' id='word_1_433' title='bbox 1424 2657 1439 2684; x_wconf 84' lang='lat'>‚</span> <span class='ocrx_word' id='word_1_434' title='bbox 1463 2624 1592 2692; x_wconf 82' lang='lat' dir='ltr'>supra</span> <span class='ocrx_word' id='word_1_435' title='bbox 1627 2643 1769 2692; x_wconf 83' lang='lat' dir='ltr'>quam</span> <span class='ocrx_word' id='word_1_436' title='bbox 1785 2643 1913 2673; x_wconf 85' lang='lat' dir='ltr'>coro-</span> 
     </span>
     <span class='ocr_line' id='line_1_67' title="bbox 91 2694 1918 2769; baseline -0.002 -19"><span class='ocrx_word' id='word_1_437' title='bbox 91 2740 119 2766; x_wconf 85' lang='lat'>„</span> <span class='ocrx_word' id='word_1_438' title='bbox 153 2718 250 2750; x_wconf 85' lang='lat' dir='ltr'>tum</span> <span class='ocrx_word' id='word_1_439' title='bbox 269 2733 284 2758; x_wconf 85' lang='lat'>,</span> <span class='ocrx_word' id='word_1_440' title='bbox 318 2717 368 2749; x_wconf 90' lang='lat' dir='ltr'>vt</span> <span class='ocrx_word' id='word_1_441' title='bbox 382 2701 656 2769; x_wconf 88' lang='lat' dir='ltr'>intelligendi</span> <span class='ocrx_word' id='word_1_442' title='bbox 669 2704 809 2769; x_wconf 86' lang='lat' dir='ltr'>gratia</span> <span class='ocrx_word' id='word_1_443' title='bbox 825 2699 963 2748; x_wconf 88' lang='lat' dir='ltr'>fideli·</span> <span class='ocrx_word' id='word_1_444' title='bbox 992 2699 995 2701; x_wconf 70' lang='grc'><strong>’</strong></span> <span class='ocrx_word' id='word_1_445' title='bbox 1027 2720 1083 2751; x_wconf 83' lang='lat' dir='ltr'>na</span> <span class='ocrx_word' id='word_1_446' title='bbox 1103 2716 1229 2747; x_wconf 86' lang='lat' dir='ltr'>aurea</span> <span class='ocrx_word' id='word_1_447' title='bbox 1247 2729 1264 2756; x_wconf 86' lang='lat'>,</span> <span class='ocrx_word' id='word_1_448' title='bbox 1291 2707 1336 2747; x_wconf 85' lang='lat'>&amp;</span> <span class='ocrx_word' id='word_1_449' title='bbox 1352 2696 1477 2765; x_wconf 87' lang='lat' dir='ltr'>super</span> <span class='ocrx_word' id='word_1_450' title='bbox 1494 2694 1641 2762; x_wconf 88' lang='lat' dir='ltr'>ipsum</span> <span class='ocrx_word' id='word_1_451' title='bbox 1657 2713 1828 2744; x_wconf 88' lang='lat' dir='ltr'>nornen</span> <span class='ocrx_word' id='word_1_452' title='bbox 1847 2701 1877 2746; x_wconf 95' lang='lat' dir='ltr'><em>I</em></span> <span class='ocrx_word' id='word_1_453' title='bbox 1878 2715 1918 2746; x_wconf 87' lang='lat' dir='ltr'>e-</span> 
     </span>
     <span class='ocr_line' id='line_1_68' title="bbox 88 2765 1914 2836; baseline -0.005 -16"><span class='ocrx_word' id='word_1_454' title='bbox 88 2812 120 2836; x_wconf 80' lang='lat'><strong>„</strong></span> <span class='ocrx_word' id='word_1_455' title='bbox 156 2773 234 2820; x_wconf 86' lang='lat' dir='ltr'>bus</span> <span class='ocrx_word' id='word_1_456' title='bbox 254 2786 447 2819; x_wconf 87' lang='lat' dir='ltr'>maneret</span> <span class='ocrx_word' id='word_1_457' title='bbox 463 2771 676 2831; x_wconf 65' lang='lat' dir='ltr'>fruotuosa</span> <span class='ocrx_word' id='word_1_458' title='bbox 692 2805 705 2818; x_wconf 88' lang='lat'><strong>.</strong></span> <span class='ocrx_word' id='word_1_459' title='bbox 733 2775 860 2822; x_wconf 87' lang='lat' dir='ltr'>Nam</span> <span class='ocrx_word' id='word_1_460' title='bbox 875 2802 890 2828; x_wconf 79' lang='lat'>,</span> <span class='ocrx_word' id='word_1_461' title='bbox 921 2780 967 2820; x_wconf 64' lang='grc' dir='ltr'>δέ</span> <span class='ocrx_word' id='word_1_462' title='bbox 1027 2773 1209 2828; x_wconf 84' lang='lat' dir='ltr'>remias,</span> <span class='ocrx_word' id='word_1_463' title='bbox 1238 2768 1360 2836; x_wconf 92' lang='lat' dir='ltr'>quod</span> <span class='ocrx_word' id='word_1_464' title='bbox 1374 2783 1542 2818; x_wconf 89' lang='lat' dir='ltr'>nomen</span> <span class='ocrx_word' id='word_1_465' title='bbox 1576 2765 1654 2815; x_wconf 83' lang='lat' dir='ltr'>nifi</span> <span class='ocrx_word' id='word_1_466' title='bbox 1680 2769 1820 2831; x_wconf 60' lang='lat' dir='ltr'>pistor</span> <span class='ocrx_word' id='word_1_467' title='bbox 1838 2782 1914 2831; x_wconf 87' lang='lat' dir='ltr'>ap-</span> 
     </span>
     <span class='ocr_line' id='line_1_69' title="bbox 90 2832 1915 2910; baseline -0.003 -20"><span class='ocrx_word' id='word_1_468' title='bbox 90 2881 121 2908; x_wconf 77' lang='lat'>„</span> <span class='ocrx_word' id='word_1_469' title='bbox 153 2842 241 2908; x_wconf 82' lang='lat' dir='ltr'>ipsa</span> <span class='ocrx_word' id='word_1_470' title='bbox 254 2843 467 2889; x_wconf 85' lang='lat' dir='ltr'>elementa</span> <span class='ocrx_word' id='word_1_471' title='bbox 486 2844 627 2891; x_wconf 87' lang='lat' dir='ltr'>Graeci</span> <span class='ocrx_word' id='word_1_472' title='bbox 643 2841 863 2909; x_wconf 63' lang='lat' dir='ltr'>aiphzrbeti</span> <span class='ocrx_word' id='word_1_473' title='bbox 882 2875 893 2886; x_wconf 87' lang='lat'><strong>.</strong></span> <span class='ocrx_word' id='word_1_474' title='bbox 925 2845 970 2889; x_wconf 91' lang='lat' dir='ltr'><strong>A</strong></span> <span class='ocrx_word' id='word_1_475' title='bbox 1028 2839 1246 2910; x_wconf 75' lang='lat' dir='ltr'>posuisset,</span> <span class='ocrx_word' id='word_1_476' title='bbox 1263 2840 1459 2888; x_wconf 85' lang='lat' dir='ltr'>diuinare</span> <span class='ocrx_word' id='word_1_477' title='bbox 1473 2834 1721 2886; x_wconf 86' lang='lat' dir='ltr'>admodum</span> <span class='ocrx_word' id='word_1_478' title='bbox 1741 2832 1915 2884; x_wconf 77' lang='lat' dir='ltr'>difficile</span> 
     </span>
    </p>
   </div>
   <div class='ocr_carea' id='block_1_17' title="bbox 83 2911 971 3260">
    <p class='ocr_par' dir='ltr' id='par_1_18' title="bbox 83 2911 971 3260">
     <span class='ocr_line' id='line_1_70' title="bbox 91 2911 970 2978; baseline -0.001 -18"><span class='ocrx_word' id='word_1_479' title='bbox 91 2953 122 2978; x_wconf 82' lang='lat'>„</span> <span class='ocrx_word' id='word_1_480' title='bbox 154 2920 198 2960; x_wconf 72' lang='grc' dir='ltr'>δε</span> <span class='ocrx_word' id='word_1_481' title='bbox 227 2911 506 2965; x_wconf 73' lang='lat' dir='ltr'>ncuiusdem</span> <span class='ocrx_word' id='word_1_482' title='bbox 535 2915 708 2960; x_wconf 83' lang='lat' dir='ltr'>numeri</span> <span class='ocrx_word' id='word_1_483' title='bbox 733 2911 970 2959; x_wconf 84' lang='lat' dir='ltr'>conficiunt</span> 
     </span>
     <span class='ocr_line' id='line_1_71' title="bbox 92 2981 971 3048; baseline -0.001 -18"><span class='ocrx_word' id='word_1_484' title='bbox 92 3023 123 3048; x_wconf 55' lang='grc' dir='ltr'><strong>υ</strong></span> <span class='ocrx_word' id='word_1_485' title='bbox 155 2982 377 3030; x_wconf 86' lang='lat' dir='ltr'>summam</span> <span class='ocrx_word' id='word_1_486' title='bbox 407 3013 422 3037; x_wconf 84' lang='lat'>‚</span> <span class='ocrx_word' id='word_1_487' title='bbox 463 2999 599 3047; x_wconf 79' lang='lat' dir='ltr'>quam</span> <span class='ocrx_word' id='word_1_488' title='bbox 642 2981 857 3033; x_wconf 80' lang='lat' dir='ltr'>columbae</span> <span class='ocrx_word' id='word_1_489' title='bbox 889 2998 971 3031; x_wconf 91' lang='lat' dir='ltr'>no-</span> 
     </span>
     <span class='ocr_line' id='line_1_72' title="bbox 93 3052 964 3119; baseline 0.001 -21"><span class='ocrx_word' id='word_1_490' title='bbox 93 3094 124 3118; x_wconf 74' lang='lat'>„</span> <span class='ocrx_word' id='word_1_491' title='bbox 155 3054 274 3099; x_wconf 84' lang='lat' dir='ltr'>mine</span> <span class='ocrx_word' id='word_1_492' title='bbox 300 3054 346 3099; x_wconf 92' lang='lat' dir='ltr'>in</span> <span class='ocrx_word' id='word_1_493' title='bbox 363 3055 518 3102; x_wconf 80' lang='lat' dir='ltr'>Graeco</span> <span class='ocrx_word' id='word_1_494' title='bbox 530 3052 737 3100; x_wconf 86' lang='lat' dir='ltr'>nouimus</span> <span class='ocrx_word' id='word_1_495' title='bbox 754 3069 964 3119; x_wconf 87' lang='lat' dir='ltr'>comprae-</span> 
     </span>
     <span class='ocr_line' id='line_1_73' title="bbox 83 3120 966 3190; baseline 0 -21"><span class='ocrx_word' id='word_1_496' title='bbox 83 3163 124 3190; x_wconf 48' lang='lat'>7,</span> <span class='ocrx_word' id='word_1_497' title='bbox 156 3120 284 3170; x_wconf 89' lang='lat' dir='ltr'>hendi</span> <span class='ocrx_word' id='word_1_498' title='bbox 300 3155 312 3167; x_wconf 94' lang='lat'><strong>.</strong></span> <span class='ocrx_word' id='word_1_499' title='bbox 327 3120 550 3171; x_wconf 86' lang='lat' dir='ltr'>Columba</span> <span class='ocrx_word' id='word_1_500' title='bbox 577 3124 696 3173; x_wconf 87' lang='lat' dir='ltr'>enim</span> <span class='ocrx_word' id='word_1_501' title='bbox 712 3120 870 3170; x_wconf 89' lang='lat' dir='ltr'>dicitur</span> <span class='ocrx_word' id='word_1_502' title='bbox 889 3124 934 3169; x_wconf 86' lang='grc' dir='ltr'><strong>Α</strong></span> <span class='ocrx_word' id='word_1_503' title='bbox 949 3154 966 3180; x_wconf 87' lang='grc'><strong>,</strong></span> 
     </span>
     <span class='ocr_line' id='line_1_74' title="bbox 93 3191 966 3260; baseline 0.003 -22"><span class='ocrx_word' id='word_1_504' title='bbox 93 3232 127 3260; x_wconf 56' lang='lat'>7,</span> <span class='ocrx_word' id='word_1_505' title='bbox 156 3209 246 3257; x_wconf 88' lang='lat' dir='ltr'>quo</span> <span class='ocrx_word' id='word_1_506' title='bbox 268 3209 472 3242; x_wconf 87' lang='lat' dir='ltr'>numerus</span> <span class='ocrx_word' id='word_1_507' title='bbox 488 3191 876 3259; x_wconf 69' lang='lat' dir='ltr'>offingentefimus</span> <span class='ocrx_word' id='word_1_508' title='bbox 891 3222 906 3248; x_wconf 83' lang='lat'>,</span> <span class='ocrx_word' id='word_1_509' title='bbox 921 3201 966 3241; x_wconf 53' lang='grc' dir='ltr'><strong>ἃ</strong></span> 
     </span>
    </p>
   </div>
   <div class='ocr_carea' id='block_1_18' title="bbox 98 3260 969 3402">
    <p class='ocr_par' dir='ltr' id='par_1_19' title="bbox 98 3260 969 3402">
     <span class='ocr_line' id='line_1_75' title="bbox 98 3260 969 3333; baseline 0.008 -25"><span class='ocrx_word' id='word_1_510' title='bbox 98 3296 125 3320; x_wconf 78' lang='grc'>,,</span> <span class='ocrx_word' id='word_1_511' title='bbox 157 3278 265 3309; x_wconf 85' lang='lat' dir='ltr'>vnus</span> <span class='ocrx_word' id='word_1_512' title='bbox 282 3280 488 3312; x_wconf 84' lang='lat' dir='ltr'>numerus</span> <span class='ocrx_word' id='word_1_513' title='bbox 499 3260 969 3333; x_wconf 71' lang='lat' dir='ltr'>subsuminatus2quem</span> 
     </span>
     <span class='ocr_line' id='line_1_76' title="bbox 163 3331 833 3402; baseline 0.01 -23"><span class='ocrx_word' id='word_1_514' title='bbox 163 3334 293 3380; x_wconf 64' lang='lat' dir='ltr'>etiam</span> <span class='ocrx_word' id='word_1_515' title='bbox 324 3331 567 3402; x_wconf 78' lang='lat' dir='ltr'>adimplent</span> <span class='ocrx_word' id='word_1_516' title='bbox 582 3372 592 3386; x_wconf 91' lang='lat'>.</span> <span class='ocrx_word' id='word_1_517' title='bbox 819 3331 833 3334; x_wconf 28' lang='grc' dir='ltr'><strong>μ</strong></span> 
     </span>
    </p>
   </div>
   <div class='ocr_carea' id='block_1_19' title="bbox 1022 2904 1913 3380">
    <p class='ocr_par' dir='ltr' id='par_1_20' title="bbox 1022 2904 1913 3380">
     <span class='ocr_line' id='line_1_77' title="bbox 1029 2904 1913 2971; baseline -0.015 -9"><span class='ocrx_word' id='word_1_518' title='bbox 1029 2911 1127 2962; x_wconf 82' lang='lat' dir='ltr'>esset</span> <span class='ocrx_word' id='word_1_519' title='bbox 1144 2944 1156 2957; x_wconf 90' lang='lat'><strong>.</strong></span> <span class='ocrx_word' id='word_1_520' title='bbox 1188 2917 1280 2960; x_wconf 87' lang='lat' dir='ltr'>Cur</span> <span class='ocrx_word' id='word_1_521' title='bbox 1294 2925 1441 2958; x_wconf 85' lang='lat' dir='ltr'>autem</span> <span class='ocrx_word' id='word_1_522' title='bbox 1458 2905 1655 2971; x_wconf 75' lang='lat' dir='ltr'>apposita.</span> <span class='ocrx_word' id='word_1_523' title='bbox 1676 2904 1805 2955; x_wconf 79' lang='lat' dir='ltr'>suerit</span> <span class='ocrx_word' id='word_1_524' title='bbox 1822 2918 1913 2951; x_wconf 89' lang='lat' dir='ltr'>tur-</span> 
     </span>
     <span class='ocr_line' id='line_1_78' title="bbox 1029 2975 1910 3036; baseline -0.012 -5"><span class='ocrx_word' id='word_1_525' title='bbox 1029 2985 1087 3031; x_wconf 89' lang='lat' dir='ltr'>ris</span> <span class='ocrx_word' id='word_1_526' title='bbox 1098 2998 1304 3031; x_wconf 85' lang='lat' dir='ltr'>coronata</span> <span class='ocrx_word' id='word_1_527' title='bbox 1320 3011 1336 3036; x_wconf 80' lang='lat'>,</span> <span class='ocrx_word' id='word_1_528' title='bbox 1352 2977 1426 3029; x_wconf 74' lang='lat' dir='ltr'>diu</span> <span class='ocrx_word' id='word_1_529' title='bbox 1441 2994 1536 3024; x_wconf 86' lang='lat' dir='ltr'>mea</span> <span class='ocrx_word' id='word_1_530' title='bbox 1555 2988 1705 3026; x_wconf 86' lang='lat' dir='ltr'>mente</span> <span class='ocrx_word' id='word_1_531' title='bbox 1722 2975 1910 3030; x_wconf 79' lang='lat' dir='ltr'>reuolui3</span> 
     </span>
     <span class='ocr_line' id='line_1_79' title="bbox 1022 3045 1907 3110; baseline -0.015 -8"><span class='ocrx_word' id='word_1_532' title='bbox 1022 3051 1094 3103; x_wconf 83' lang='lat' dir='ltr'>sed</span> <span class='ocrx_word' id='word_1_533' title='bbox 1112 3053 1223 3101; x_wconf 83' lang='lat' dir='ltr'>nihil</span> <span class='ocrx_word' id='word_1_534' title='bbox 1250 3052 1354 3098; x_wconf 87' lang='lat' dir='ltr'>certi</span> <span class='ocrx_word' id='word_1_535' title='bbox 1386 3046 1589 3095; x_wconf 88' lang='lat' dir='ltr'>adinueni</span> <span class='ocrx_word' id='word_1_536' title='bbox 1607 3063 1622 3102; x_wconf 82' lang='lat'>3</span> <span class='ocrx_word' id='word_1_537' title='bbox 1657 3045 1907 3110; x_wconf 81' lang='lat' dir='ltr'>excogitaui</span> 
     </span>
     <span class='ocr_line' id='line_1_80' title="bbox 1023 3116 1913 3186; baseline -0.012 -16"><span class='ocrx_word' id='word_1_538' title='bbox 1023 3137 1174 3173; x_wconf 87' lang='lat' dir='ltr'>tamen</span> <span class='ocrx_word' id='word_1_539' title='bbox 1212 3138 1293 3186; x_wconf 91' lang='lat' dir='ltr'>pro</span> <span class='ocrx_word' id='word_1_540' title='bbox 1312 3120 1417 3167; x_wconf 86' lang='lat' dir='ltr'>turri</span> <span class='ocrx_word' id='word_1_541' title='bbox 1438 3130 1646 3165; x_wconf 82' lang='lat' dir='ltr'>coronata</span> <span class='ocrx_word' id='word_1_542' title='bbox 1663 3116 1913 3165; x_wconf 51' lang='lat' dir='ltr'>Pistorem„</span> 
     </span>
     <span class='ocr_line' id='line_1_81' title="bbox 1023 3184 1910 3248; baseline -0.009 -9"><span class='ocrx_word' id='word_1_543' title='bbox 1023 3191 1255 3240; x_wconf 84' lang='lat' dir='ltr'>Ierusalem</span> <span class='ocrx_word' id='word_1_544' title='bbox 1269 3192 1405 3238; x_wconf 89' lang='lat' dir='ltr'>totius</span> <span class='ocrx_word' id='word_1_545' title='bbox 1433 3186 1656 3237; x_wconf 84' lang='lat' dir='ltr'>Palastinae</span> <span class='ocrx_word' id='word_1_546' title='bbox 1690 3184 1910 3248; x_wconf 58' lang='lat' dir='ltr'>Regiam„</span> 
     </span>
     <span class='ocr_line' id='line_1_82' title="bbox 1026 3252 1908 3331; baseline -0.006 -19"><span class='ocrx_word' id='word_1_547' title='bbox 1026 3263 1248 3322; x_wconf 77' lang='lat' dir='ltr'>ciuitatem</span> <span class='ocrx_word' id='word_1_548' title='bbox 1258 3262 1496 3331; x_wconf 70' lang='lat' dir='ltr'>exprimere</span> <span class='ocrx_word' id='word_1_549' title='bbox 1507 3252 1703 3327; x_wconf 58' lang='lat' dir='ltr'>yoluiffffi</span> <span class='ocrx_word' id='word_1_550' title='bbox 1721 3269 1826 3329; x_wconf 71' lang='lat' dir='ltr'>nam</span> <span class='ocrx_word' id='word_1_551' title='bbox 1841 3254 1908 3300; x_wconf 85' lang='lat' dir='ltr'>Ie-</span> 
     </span>
     <span class='ocr_line' id='line_1_83' title="bbox 1655 3336 1843 3380; baseline -0.021 -5"><span class='ocrx_word' id='word_1_552' title='bbox 1655 3336 1813 3375; x_wconf 62' lang='lat' dir='ltr'>l&#39;essslds</span> <span class='ocrx_word' id='word_1_553' title='bbox 1826 3351 1843 3380; x_wconf 66' lang='lat'>2</span> 
     </span>
    </p>
   </div>
  </div>
 </body>
</html>
