2378 3674
749 256 1011 308 CAP

1085 253 1466 306 UTIV.

2012 271 2100 312 103

82 343 243 374 morea
271 325 590 393 anaglyphico
620 342 761 393 opere
790 325 1068 375 elab01·ata-‚
1125 322 1181 372 de
1198 324 1576 373 Veter.Monim.
1598 334 1768 390 part.1.
1791 329 1978 389 cap.28.
2002 343 2101 390 quae

83 401 127 444 S.
161 396 444 444 Mattliaeum
485 393 772 462 Apostolum
819 393 1064 463 repraesen-

79 481 182 513 tans
199 501 214 522 ‚
234 482 333 531 qua:
360 467 478 513 olim
500 465 558 514 ad
587 465 888 533 sepulchrum
913 468 1062 513 Nico-

80 537 144 584 lai
164 539 226 583 V.
247 548 348 583 erat
364 571 379 593 ,
400 534 458 583 de
473 553 562 603 qua
581 536 833 604 Turrigius
852 555 954 603 pag.
972 541 1058 594 98.

79 607 130 655 &
155 609 263 654 108.
304 606 340 651 Ε
360 605 609 673 conspeetu
632 604 746 653 vero
767 640 783 662 ,
809 603 987 653 scilicet
1012 607 1059 651 in

79 673 307 742 parastata
333 672 508 723 sinistra
538 676 627 722 alia
663 674 728 722 est
755 691 1061 722 marmorea-s

78 748 269 802 Statua,
288 744 751 811 SanstumJo‘annem
773 742 1059 811 Apostolum

79 816 305 864 denotans
323 848 339 870 ,
360 831 459 878 quae
492 813 660 861 itidem
693 828 793 862 erat
821 817 867 861 in
889 813 1060 863 eodem

78 884 272 932 Nicolai
294 887 355 932 V.
376 881 622 951 sepulchro
636 921 651 942 ,
666 897 718 931 ut
735 886 863 933 idem
890 883 1058 932 Turri-

77 958 180 1024 gius
196 967 353 1000 narrat
371 951 538 1021 pagina
551 972 633 1012 99.
654 956 702 1003 &
731 973 746 1000 1
761 960 838 1003 08.

149 1026 186 1072 E
206 1020 456 1091 conspeetu
494 1029 640 1087 januae
676 1026 810 1088 hujus
843 1026 1062 1092 cappellae

77 1093 143 1143 est
160 1112 327 1162 magna
345 1097 479 1143 Crux
497 1112 521 1143 e
538 1111 772 1143 marmore
789 1131 805 1152 ,
826 1112 925 1159 quae
944 1097 1061 1142 olim

77 1177 178 1213 erat
196 1167 243 1211 in
260 1161 531 1212 summitate
549 1167 791 1213 anterioris
814 1162 953 1212 faciei
982 1182 1059 1212 ve-

79 1235 191 1283 teris
218 1230 420 1281 Bafilicae
441 1269 450 1278 .

146 1304 295 1371 Prope
311 1304 429 1351 hanc
446 1305 653 1352 Crucem
681 1301 922 1370 sequentes
956 1321 1060 1351 vei·-

73 1373 148 1422 sus
169 1376 398 1421 marmori
428 1370 645 1440 insculpti
671 1371 804 1431 sunt,
830 1376 912 1440 qui
940 1374 1058 1421 olim

74 1443 300 1494 extabant
318 1446 364 1490 in
381 1461 499 1492 zona
516 1444 750 1492 coronidis
770 1442 906 1493 faciei
927 1456 1057 1492 vete-

74 1517 137 1563 ris
156 1510 358 1561 Basilicae
379 1549 388 1559 .
409 1515 637 1562 Carmina
655 1510 716 1560 sic
739 1512 781 1562 se
800 1512 986 1562 liabent.

75 1587 249 1636 Summa
271 1585 398 1638 Petri
415 1584 541 1652 fides
564 1585 645 1632 haec
663 1586 865 1654 efZsZlcra
883 1585 1058 1635 Princi-

212 1659 285 1720 pis
317 1653 418 1702 aedes
433 1691 449 1711 ,

77 1725 238 1776 Mater
264 1724 502 1772 cunilarum
539 1723 658 1772 decor
682 1760 698 1783 ,
740 1728 794 1775 (5
821 1727 943 1776 decus
974 1724 1057 1775 Ec-

221 1794 438 1863 clefiarum
456 1814 466 1842 :

76 1868 276 1920 Devocus
308 1867 346 1916 C
349 1866 488 1914 bristo
502 1899 517 1921 ,
543 1871 616 1933 qui
647 1866 822 1931 Templo
838 1867 995 1934 fervit
1011 1870 1059 1913 in

216 1935 327 1984 ifz‘o:

75 2007 221 2057 flores
247 2010 441 2056 *virtutis
469 2011 605 2074 capiet
632 2041 646 2064 ‚
670 2004 923 2076 frustusque
937 2007 1058 2074 fillu-

218 2092 279 2124 tts
297 2111 307 2121 .

153 2163 229 2193 12.
270 2149 325 2195 In
345 2145 429 2193 hac
451 2148 641 2214 parietis
663 2143 781 2196 facie
812 2144 1060 2196 Musivum

74 2234 189 2284 opus
206 2216 496 2264 collocatum
514 2214 581 2265 est
595 2253 611 2274 ,
640 2216 767 2282 quod
790 2217 908 2265 olim
928 2233 984 2263 ex
994 2228 1059 2262 ta-

74 2284 151 2333 bat
166 2288 210 2332 in
228 2283 442 2334 Ecclesia·
461 2289 579 2335 atrio
598 2323 614 2344 ,
641 2285 891 2343 (Paradiso
910 2286 1059 2353 vulgo

75 2356 351 2422 appellato)
375 2353 512 2424 super
534 2359 727 2407 Ottonis
744 2361 809 2406 II.
839 2358 1061 2423 Imperat.

74 2424 393 2491 sepulchrum-
408 2428 518 2475 Hoc
541 2425 791 2476 Musivum
821 2444 937 2493 opus
968 2439 1059 2476 tres

76 2493 246 2562 figuras
272 2491 441 2551 habet,
465 2513 664 2561 quarum
682 2497 840 2545 media
864 2497 1057 2544 humani

75 2564 257 2632 generis
274 2563 567 2613 salvatorem
587 2569 634 2614 in
655 2566 1056 2615 aestu‘benedicen·

75 2636 126 2682 di
149 2633 360 2689 denotat,
376 2635 455 2700 qui
473 2636 531 2685 ad
549 2637 637 2685 hoc
653 2637 879 2705 pollicem
907 2654 1054 2684 annu-

76 2706 163 2754 lari
181 2703 487 2764 conjuneium
509 2705 648 2755 habet
665 2742 675 2752 .
707 2706 788 2754 Ad
810 2705 1057 2766 dexteram

76 2773 165 2822 stat
181 2777 224 2822 S.
247 2773 433 2831 Paulus,
448 2777 527 2840 qui
545 2776 774 2824 volumen
791 2773 969 2823 sinistra
991 2789 1057 2826 te-

75 2858 171 2893 net.
194 2842 275 2892 Ad
293 2844 546 2892 Salvator·is
575 2843 804 2892 sinistram
831 2847 876 2893 S.
896 2845 1056 2895 Petrus

74 2912 169 2972 est,
198 2915 279 2980 qui
304 2912 476 2963 itidem
500 2915 547 2962 in
578 2911 753 2962 sinistra
787 2928 880 2964 tres
917 2914 1058 2965 habet

76 2987 231 3033 claves
247 3020 257 3029 .
276 2985 375 3032 Has
393 2985 583 3051 Figuras
605 2985 798 3052 exponit
832 2984 1054 3034 Alcman.

77 3055 125 3101 in
146 3053 235 3103 suis
256 3056 498 3122 parietinis
519 3051 903 3103 Lateranensibus
928 3073 966 3102 c.
981 3075 997 3103 1
1011 3077 1056 3104 0.

76 3124 220 3173 &nos
235 3125 486 3173 retulimus
505 3123 639 3193 supra
662 3127 711 3174 in
729 3121 1054 3175 Tab.XXIV.

71 3190 201 3262 fig.2.
225 3195 358 3262 Quid
385 3210 545 3244 autem
567 3213 649 3263 per
669 3196 769 3243 illas
787 3207 878 3242 tres
899 3196 1055 3243 claves

72 3263 642 3324 denotetur,differuimus
658 3266 706 3313 in
724 3263 879 3313 nostro
896 3268 1054 3332 Opere

1121 394 1328 443 curiosus
1346 395 1515 443 Lector
1543 392 1704 441 videre
1723 394 1898 459 poterit
1918 430 1928 439 .

1195 479 1268 520 13.
1308 465 1453 530 Prope
1486 461 1765 529 descriptam
1784 465 2103 531 Cappellani„

1113 534 1205 579 alia
1241 533 1306 582 est
1333 532 1414 580 sub
1456 534 1842 582 denominatione
1875 536 2101 582 S.Mariae

1114 601 1172 651 de
1198 603 1548 671 Praegnantibus
1584 638 1599 661 ‚
1638 602 1695 651 de
1725 619 1814 668 qua
1844 600 1978 671 supra
2015 599 2102 651 fati

1115 669 1274 720 sumus
1295 709 1309 730 ,
1336 671 1415 721 ubi
1453 673 1619 721 Altare
1635 707 1651 729 ,
1668 686 1720 719 ut
1736 690 1780 718 n.
1803 691 1821 720 1
1836 687 1878 730 3.
1898 674 1956 721 de
1984 674 2102 721 Prae-

1113 741 1366 810 gnantibus
1384 745 1434 790 B.
1456 746 1527 791 M.
1548 746 1609 792 V.
1624 744 1782 809 imago
1802 743 2102 792 denominata

1114 812 1206 860 fuit
1222 848 1237 870 ,
1255 814 1361 879 quia
1395 813 1615 861 mulieres
1647 825 1781 860 utero
1803 830 1971 881 graves
1991 831 2100 880 erga

1115 883 1246 930 illam
1280 884 1568 950 peculiarem
1598 881 1825 949 gerebant
1875 881 2099 933 devotio-

1116 971 1239 1001 nem:
1257 950 1349 1000 fnit
1366 955 1510 1000 etiam
1529 953 1829 1019 Angelorum
1846 955 2098 1020 appellata,

1116 1036 1169 1070 ut
1187 1021 1394 1071 diximus
1426 1021 1508 1070 sub
1528 1041 1572 1070 n.
1596 1028 1668 1071 18.
1688 1023 1737 1071 &
1754 1037 1836 1085 43.
1859 1024 2098 1071 Distuni„

1114 1091 1339 1141 sacellum
1358 1093 1568 1140 Patriciae
1584 1090 1871 1144 Ursinorum
1891 1096 2100 1142 Familiae

1113 1176 1211 1211 erat
1232 1199 1246 1219 ,
1277 1181 1377 1228 quae
1406 1159 1691 1210 nobiliffima
1719 1163 1916 1211 Familia
1949 1181 2098 1231 erga..

1114 1233 1229 1279 hanc
1267 1232 1500 1298 praecipue
1536 1229 1781 1278 Basilicam
1810 1229 2096 1299 singularem

1114 1300 1419 1349 devotionem
1449 1298 1632 1366 semper
1659 1298 1795 1368 geflit
1824 1322 1838 1360 ;
1868 1304 2093 1367 quoniam

1112 1373 1159 1418 in
1185 1371 1353 1420 eadem
1385 1370 1642 1418 duodecim
1691 1367 1980 1437 sumptuosas
2016 1373 2097 1420 lia-

1113 1437 1256 1489 buiffe
1296 1441 1545 1508 Cappellas
1601 1436 1743 1488 refert
1778 1441 1891 1507 scrip&
1929 1444 2099 1491 citatus

1116 1511 1369 1579 Turrigius
1387 1529 1490 1578 pag.
1512 1529 1594 1569 90.
1616 1508 1885 1576 septemque
1915 1510 2096 1560 ibidem

1114 1600 1174 1629 ex
1202 1577 1388 1648 praefata
1419 1579 1858 1636 Familia,laudatae
1891 1579 2096 1630 Basilica:

1111 1648 1242 1699 fuisse
1268 1650 1726 1718 Archipresbyteros
1748 1686 1758 1696 .

1191 1740 1265 1785 14.
1295 1723 1494 1790 Joannis
1524 1722 1654 1787 Papae
1674 1724 1791 1768 VII.
1820 1722 1900 1785 qui
1934 1720 2099 1770 floruit

1112 1810 1233 1840 anno
1255 1809 1370 1851 705.
1408 1793 1666 1858 imaginem
1698 1786 1891 1837 Musivo
1927 1809 2098 1858 opere-2

1112 1859 1366 1927 expressam
1387 1859 1551 1910 refert.
1582 1859 1841 1907 AEdiculam
1879 1861 1927 1906 in
1955 1863 2101 1908 mani-

1114 1929 1196 1979 bus
1224 1928 1439 1978 Pontifex
1470 1943 1599 1979 tenet
1627 1965 1643 1986 ‚
1675 1947 1756 1996 per
1784 1946 1925 1995 quam
1961 1930 2102 1997 ipsius

1114 2002 1316 2048 aediculae
1349 2001 1600 2049 denotatur
1628 1998 1918 2048 construam
1946 2035 1960 2056 ,
1991 2019 2100 2047 nam

1114 2069 1211 2139 ipse
1226 2068 1337 2119 fecit
1356 2072 1636 2121 Oratorium
1657 2071 1702 2116 in
1723 2069 1890 2117 eadem
1907 2067 2101 2117 Basilica

1115 2144 1162 2189 in
1187 2141 1415 2189 honorem
1434 2144 1634 2190 B.V.M.
1658 2137 1861 2187 Mufivis
1878 2139 2101 2206 operibus

1113 2223 1360 2268 ornatum,
1378 2224 1430 2258 ut
1459 2229 1518 2259 ex
1544 2209 1796 2277 epigraphe
1823 2211 2100 2276 anaglyphi-

1115 2283 1177 2329 cis
1194 2282 1343 2330 literis
1359 2298 1597 2328 marmore
1628 2277 1866 2346 insculptis
1886 2294 2098 2346 apparet,

1114 2352 1283 2419 nempe
1301 2372 1311 2400 :
1331 2352 1704 2419 ‘Johannisfirvi
1732 2350 1779 2398 S.
1801 2348 1998 2398 Μανίας.
2026 2353 2099 2398 De
2136 2371 2139 2373 “

1113 2439 1205 2489 quo
1223 2424 1517 2470 narravimus
1533 2420 1667 2487 supra
1686 2428 1729 2465 n.
1743 2439 1759 2466 1
1779 2439 1853 2483 14,

1189 2511 1206 2541 1
1221 2508 1263 2553 5.
1301 2495 1356 2540 In
1375 2493 1463 2541 hoc
1485 2493 1590 2541 loco
1612 2490 1823 2538 S.Peti·us
1845 2490 2101 2558 praedicans

1112 2561 1308 2611 Mufivo
1327 2579 1468 2630 opere
1487 2562 1752 2611 delineatus
1782 2558 1872 2608 est.
1899 2556 2100 2607 Extabat

1109 2633 1227 2681 olim
1247 2634 1294 2680 in
1314 2643 1672 2701 praememorato
1690 2630 1859 2678 sacello
1880 2666 1890 2675 .

1185 2711 1261 2753 16.
1301 2702 1735 2768 Marmoreuslapis
1752 2698 1846 2755 est,
1865 2700 1911 2744 in
1940 2697 2095 2746 trede-

1110 2775 1205 2821 cim
1222 2788 1376 2840 partes
1408 2773 1465 2820 ab
1487 2773 1717 2820 edacitate
1752 2769 1976 2835 temporis
2005 2765 2095 2815 fra-

1108 2845 1227 2899 ἂυε,
1241 2841 1408 2906 quibus
1425 2840 1554 2898 cura,
1569 2842 1618 2889 ὃς
1636 2837 1885 2906 diligentia
1899 2855 2096 2905 praeme-

1108 2913 1280 2960 morati
1317 2911 1531 2977 Turrigii
1568 2911 1614 2956 iii
1656 2925 1807 2955 unum
1854 2908 2096 2964 colle-(stis,

1110 2982 1226 3048 lapis
1245 2978 1482 3027 restitutus
1513 2977 1699 3035 fuit2in
1731 2995 1881 3046 eoque
1912 2992 2002 3026 tres
2028 2977 2092 3026 se-

1110 3063 1301 3118 quentes
1318 3051 1550 3097 orationes
1570 3051 1820 3115 leguntur,
1843 3067 1952 3115 quas
1973 3050 2095 3096 Gre-

1108 3121 1267 3188 gorius
1304 3120 1441 3181 hujus
1479 3120 1684 3169 nominis
1723 3123 1817 3169 III.
1870 3123 2095 3167 Summus

1108 3187 1324 3238 Pontifex
1343 3207 1427 3258 pro
1446 3192 1601 3238 anima
1622 3186 1700 3238 sua
1730 3190 1787 3238 ad
1803 3191 2092 3259 proprium-³

1106 3259 1408 3330 sepulchrum
1427 3261 1536 3328 poni
1553 3258 1683 3324 juffit
1701 3297 1712 3307 .

1977 3333 2094 3380 Ora-
