2378 3674
847 224 1235 278 VETERA
1336 217 2001 271 MONJMENTA

438 349 608 381 nomen
642 326 817 376 A'bfidis
848 325 1081 373 conuenire
1109 322 1283 370 deberet
1299 343 1353 385 ,Α
1370 337 1607 387 erumpunt
1624 323 1825 369 Flumina
1845 351 1859 377 ,
1887 321 1940 369 de
1977 322 2134 388 quibus
2151 323 2253 372 alibi

433 411 734 465 Quaecumque
748 396 1054 445 denominatio
1069 394 1130 440 illi
1149 392 1312 439 tribua·
1369 394 1586 441 diximus.
1618 392 1691 442 Ad
1719 392 1944 439 dexteram
1977 392 2179 460 aspicitur
2211 398 2252 441 S.

438 490 536 529 tun,
580 470 726 518 eidem
772 467 1008 513 conuenire
1037 462 1239 528 videtur,
1280 460 1311 508 fi
1367 468 1520 511 Petrus
1552 461 1714 510 fini‘strd
1742 462 1945 509 baculum
1995 482 2146 529 gerens
2178 467 2258 512 in„

436 540 727 611 perpendatur
758 535 857 586 vsus
872 568 883 581 .
1369 533 1626 581 summitate
1645 537 1784 581 Cruce
1810 531 2068 597 insignitum
2090 568 2102 580 .
2131 540 2267 600 Apo-

547 607 758 660 Minime·
787 624 892 671 ergo
938 602 1210 669 ignorandus
1253 600 1311 648 est
1368 604 1462 652 stoli
1497 621 1651 650 omnes
1685 602 1784 648 sunt
1802 605 1958 649 tunicis
1975 604 2083 650 albis
2102 606 2256 652 multi-

435 679 766 747 antiquiffimus
817 675 1168 723 Christianorum
1210 691 1309 720 mos
1369 677 1468 740 plici
1486 674 1613 721 rubea
1633 674 1743 720 linea
1772 672 1950 727 mixtis,
1980 682 2024 720 ὅ(
2040 675 2181 739 pallijs
2196 675 2260 721 al-

433 755 557 802 certis
572 747 878 800 celebrioribus
895 748 1022 792 Anni
1039 745 1188 791 diebus
1201 774 1214 798 ‚
1232 761 1311 808 pu·
1368 747 1432 792 bis
1449 744 1605 799 vestiti,
1626 752 1671 792 ὃ(
1687 746 1732 789 in
1744 760 1896 789 eorum
1912 741 2055 790 fimbri
2058 745 2095 806 js
2111 744 2256 810 singu-

434 825 545 872 blica
561 817 816 868 celebrandi
834 818 1063 871 conuiuia,
1077 833 1172 880 quae
1193 820 1312 878 Aga-
1369 817 1414 870 li,
1431 816 1594 878 {iugula
1608 845 1622 868 ,
1640 812 1893 878 diuersaque
1907 813 2070 860 habent
2091 831 2254 860 mono—

428 910 482 963 με
500 890 755 938 dicebantur
770 919 784 942 ,
797 895 840 933 δέ
875 885 972 931 licet
985 886 1073 933 haec
1086 884 1202 949 apud
1223 886 1312 946 ple·
1367 898 1616 950 grammata
1634 918 1644 928 .
1662 884 1797 945 Pedes
1811 900 1910 930 cum
1926 882 2138 945 sandalijs.
2157 882 2257 929 sub-

432 967 536 1010 bem
567 959 683 1006 iustis
724 957 777 1003 de
807 954 939 1002 causis
963 954 1191 1001 interdicta
1209 950 1310 999 fuis-
1369 970 1437 1002 tus
1466 957 1668 1018 leguntur
1699 952 1870 1007 versus,
1915 971 1967 999 ex
2007 953 2249 1017 Euangelio

431 1030 526 1081 sent
542 1059 557 1086 >
582 1044 734 1076 tamen
757 1024 876 1090 apud
899 1026 1134 1089 Magnates
1180 1023 1310 1071 subli-
1371 1022 1587 1088 descripti:
1624 1028 1786 1073 Euntes
1801 1025 1938 1073 docete
1954 1042 2091 1073 omnes
2107 1022 2264 1088 gentes-J

431 1097 682 1163 mioresque
698 1095 904 1162 personas
918 1093 1175 1148 remansere,
1193 1107 1242 1142 Vt
1261 1110 1311 1138 ex
1331 1129 1364 1171 Β.
1380 1096 1649 1163 baptizantes
1659 1109 1722 1142 eos
1736 1097 1782 1142 in
1795 1097 1965 1142 nomine
1986 1097 2127 1143 Patris
2141 1122 2158 1149 2
2193 1108 2259 1152 Θ*

432 1171 635 1235 Georgio
651 1166 922 1231 Curopalata
938 1164 991 1212 de
1006 1162 1136 1212 Offic¹
1142 1164 1178 1226 js
1196 1163 1317 1217 Palar
1378 1168 1482 1229 Filq'
1503 1195 1517 1220 2
1548 1181 1611 1223 &⁶
1644 1165 1827 1232 Spiritus
1854 1165 2005 1212 Sanc‘Zi
2019 1194 2032 1216 a
2079 1180 2145 1220 εγ
2174 1179 2258 1211 ecce

433 1245 468 1288 ti
473 1257 488 1304 J
529 1237 1017 1301 Constantinopolitani
1053 1235 1280 1281 deducitur
1307 1269 1320 1282 .
1376 1253 1446 1301 ego
1469 1236 1685 1301 vobiscum
1701 1237 1808 1297 fiam
1821 1235 2013 1283 omnibus
2029 1233 2173 1282 diebu>-
2188 1233 2266 1298 vs}⁴

512 246 541 278 ‘1
553 227 612 278 28*

432 1307 763 1358 Modestiffime
792 1323 960 1353 morem
991 1307 1104 1352 bunc
1122 1305 1320 1352 Romani

432 1376 662 1425 scruarunt
679 1374 930 1431 Pontifices,
947 1374 1240 1439 quamobrem
1256 1372 1322 1418 di-

434 1446 558 1494 uersa
575 1449 620 1493 in
640 1446 917 1493 Lateranensl
937 1448 1107 1493 Palatio
1126 1459 1322 1490 extruxe-

431 1535 480 1568 re
510 1517 719 1564 Triclinia
745 1532 934 1562 numero
965 1515 1147 1581 quidem
1165 1515 1288 1580 plura
1306 1544 1321 1568 ,

431 1603 515 1655 pro
533 1586 842 1633 Conuiuarum
856 1584 1098 1649 frequentia
1112 1615 1127 1639 ,
1158 1583 1230 1630 sed
1250 1600 1322 1631 orv

429 1667 540 1704 natu
555 1652 854 1714 Ecclefiasticis
881 1654 1074 1715 personis
1089 1686 1104 1705 ‚
1132 1663 1177 1702 ὃς
1196 1657 1322 1700 Con-

430 1725 544 1773 uiuis
561 1726 777 1787 proprio,
792 1737 893 1767 cum
909 1721 1182 1786 Principibus
1196 1725 1320 1775 ,Re-

429 1793 560 1860 gibus
574 1823 590 1846 ‚
620 1799 665 1838 δέ
680 1791 1025 1855 Imperatoribus
1039 1821 1054 1846 ,
1076 1790 1138 1838 ad
1155 1791 1320 1839 Vrbem

1378 1324 1458 1371 que
1473 1307 1531 1353 ad
1542 1305 1898 1369 consumationem
1904 1305 2052 1372 [ccidi.

1484 1378 1538 1423 In
1558 1373 1730 1420 dextera*-
1760 1373 1937 1419 Triclini
1942 1374 1986 1435 j,
2017 1355 2103 1420 siu}
2124 1371 2267 1420 Arcus'

1381 1461 1500 1514 parte
1516 1476 1531 1501 ,
1551 1458 1599 1491 vt
1616 1446 1660 1490 in
1678 1441 1796 1490 Tab.
1818 1445 1914 1488 XL.
1935 1442 2131 1489 Christus
2147 1441 2264 1489 sedet:

1379 1516 1630 1566 diademate
1677 1531 1779 1559 cum
1814 1516 1952 1560 Cruce
1978 1513 2269 1578 praedntstus,¹

1380 1589 1524 1635 claues
1538 1585 1712 1631 dextera
1729 1587 1777 1630 B.
1796 1580 1996 1628 Siluestro
2009 1589 2031 1636 '-,
2062 1581 2269 1628 diadema

1380 1647 1626 1705 rotundum
1642 1651 1822 1719 gestanti
1841 1681 1856 1704 a
1877 1649 2038 1698 finistra
2053 1651 2266 1701 vexillum

1381 1729 1611 1794 porrigens
1622 1722 1922 1772 Constantino
1939 1719 2141 1769 diadema
2158 1737 2270 1784 qua-

1379 1796 1556 1845 dratum
1585 1798 1631 1842 in
1663 1796 1804 1853 capite
1830 1801 2045 1835 coronato
2079 1790 2269 1851 gerenti,'

430 1863 681 1925 Religionis
696 1891 711 1915 ‚
738 1868 783 1907 δε
801 1861 896 1912 voti
911 1860 1036 1908 causa
1055 1862 1321 1909 confluenti-K
1342 1881 1360 1912 ·.
1378 1866 1452 1917 (Aa
1477 1881 1572 1916 qno
1585 1859 1801 1916 quadrato
1819 1854 2089 1901 differuimus
2107 1854 2271 1922 supra„

430 1932 512 1980 bus
528 1961 545 1986 a
570 1927 803 1977 Pontifices
820 1947 969 1971 coena<
984 1929 1087 1973 darc
1096 1925 1315 1973 solerent.
1373 1924 1422 1973 in
1438 1921 1635 1984 Ecclefijs
1650 1925 1690 1968 S.
1709 1922 1920 1977 Marci,ac
1932 1923 2045 1971 infra
2058 1927 2106 1973 in
2122 1927 2272 1973 Eccle-

430 2004 484 2051 In
503 1998 583 2045 hac
613 1994 824 2060 praecipue
857 1994 1049 2040 Leoni.
1083 1988 1233 2037 sedulo
1247 1990 1318 2036 in·
1374 1994 1405 2047 fi
1407 1997 1446 2058 js
1465 1998 1506 2042 S.
1537 1994 1690 2041 Mariae
1709 1995 1756 2039 in
1773 1994 2017 2050 Domnica‚
2033 2012 2080 2043 ac
2092 1998 2132 2045 S.
2164 1999 2269 2044 Pra-

429 2063 618 2117 cubuiffe
648 2061 822 2111 videtur
850 2065 993 2117 ‚qum
1024 2063 1110 2109 hoc
1141 2060 1318 2125 magni·
1375 2063 1496 2116 xedis
1512 2064 1725 2129 agemus)
1756 2059 2042 2129 gladiumque
2053 2065 2237 2130 gestanti
2253 2058 2269 2111 ;

429 2138 563 2188 ficum
580 2167 596 2193 ,
610 2147 908 2198 ornatumque
920 2132 1204 2180 construxerit
1216 2128 1319 2177 aedi-
1377 2134 1536 2185 Vexilli
1567 2133 1723 2182 desinit
1746 2135 1792 2179 in
1827 2136 2015 2181 Crucem
2032 2135 2146 2183 hasta
2165 2166 2179 2190 ‚
2216 2149 2266 2184 vt

429 2207 580 2258 ficium
594 2239 607 2251 .
637 2206 740 2253 Haec
768 2204 956 2251 breuiter
993 2203 1287 2251 iudicauimus
1305 2230 1322 2256 2
1378 2204 1574 2272 ipsaemet
1628 2201 1774 2270 figurae
1817 2201 2142 2252 demonstrant.
2173 2209 2267 2253 Has

432 2295 534 2326 cum
553 2276 677 2342 plura
703 2274 761 2323 de.
774 2273 935 2322 eodem
953 2276 1197 2341 praecitatus
1212 2273 1323 2318 Eru·
1382 2276 1599 2340 temporis
1649 2274 1867 2321 voracitas
1907 2272 2236 2340 consumpserat
2251 2305 2268 2329 ,

432 2345 676 2398 ditiffimus
688 2344 966 2392 Alemannus
979 2342 1258 2392 adnotauerit
1273 2372 1288 2384 ·
1380 2343 1454 2392 sed
1473 2362 1600 2390 amor
1615 2375 1631 2400 ,
1660 2352 1705 2392 ὃ(
1722 2343 1911 2391 studium
1925 2361 2026 2409 erga
2040 2343 2176 2392 sacras
2194 2361 2272 2392 an-

539 2414 776 2462 Emblema
820 2415 1096 2480 vermiculati
1129 2412 1292 2481 Operis
1307 2440 1324 2466 ,
1381 2413 1782 2478 tiquitates-bo.me.
1796 2414 2148 2479 Eminentiffimi
2160 2418 2270 2462 Car-

433 2499 489 2551 yt
502 2499 620 2532 nunc
634 2484 821 2526 cernitur-
840 2484 887 2529 in
900 2482 1012 2529 Tab.
1027 2486 1321 2530 XXXIXexa
1381 2482 1538 2530 dinalis
1553 2483 1760 2531 Francisci
1789 2482 2015 2529 Barberini
2031 2478 2208 2531 senioris
2224 2485 2271 2532 in

433 2553 567 2604 hibeo
583 2583 598 2608 ,
625 2568 727 2597 cum
758 2552 874 2597 illius
906 2553 1154 2615 parietinas,
1171 2550 1202 2597 fi
1223 2551 1320 2614 quis
1383 2555 1527 2599 lucem
1540 2555 1776 2608 reuocauit,
1799 2567 1847 2602 vt
1864 2552 1985 2600 idem
2001 2567 2148 2601 narrat
2161 2554 2271 2601 Ale-

434 2622 644 2672 defideret
659 2652 675 2677 ,
705 2620 821 2685 apud
838 2621 1029 2669 eundem
1051 2625 1371 2700 Auctorem„D
1385 2640 1574 2670 mannus
1595 2654 1609 2679 ,
1637 2623 1816 2688 ipsaque
1830 2622 2054 2688 inscriptio
2070 2625 2115 2670 in
2130 2622 2271 2690 lapide

434 2692 577 2742 videri
586 2692 756 2758 polfint
773 2730 783 2741 .
1024 2728 1026 2730 ψ
1116 2726 1125 2729 »
1200 2721 1219 2745 η

541 2765 744 2827 Apparet
777 2759 972 2809 Christus
1007 2762 1234 2810 Dominus
1246 2762 1326 2808 in„

437 2831 588 2880 medio
625 2832 951 2898 Apostolorum
993 2829 1106 2879 stans
1150 2828 1325 2878 dexter&

436 2901 601 2951 eleuatz‘i
631 2904 676 2949 in
705 2906 800 2950 astu
823 2901 1144 2957 benedicendi,
1163 2910 1208 2950 &
1226 2901 1326 2948 fini-

435 2970 519 3018 stra
535 2971 698 3020 librum
709 2986 910 3038 apertum
925 2970 1147 3027 sustinen83
1175 2974 1221 3019 in
1238 2989 1328 3037 quo

436 3039 640 3105 leguntur
659 3047 786 3091 PAX
819 3045 993 3091 VOBIS
1024 3041 1208 3108 expreffa
1230 3059 1329 3089 ver-

438 3109 511 3165 ba,
526 3119 570 3157 &
591 3110 836 3159 diademate
851 3128 953 3160 cum
965 3117 1106 3160 Cruce
1119 3147 1132 3158 .
1149 3114 1326 3160 Tunicae

438 3182 560 3227 color
572 3180 630 3227 est
651 3180 905 3229 suboscurus
923 3184 1142 3231 violaceus
1160 3214 1174 3239 ,
1203 3182 1326 3248 pallij

438 3250 594 3301 rubeus
615 3290 625 3301 ‚
673 3248 752 3300 sub
783 3254 872 3301 eius
899 3253 1080 3320 pedibus
1135 3267 1326 3321 quatuor

1385 2693 1581 2759 apposita
1598 2695 1772 2742 testatur
1785 2725 1797 2737 .
1812 2693 1938 2740 Vnde
1951 2695 2173 2760 exemplar
2188 2709 2270 2756 pro

1387 2765 1476 2811 istis
1508 2762 1738 2812 sarciendis
1765 2758 2036 2829 imaginibus
2062 2759 2266 2826 expiscati

1383 2834 1548 2884 fuimus
1564 2865 1577 2890 ,
1593 2833 1999 2900 quemadmodum,
2014 2842 2059 2882 &
2079 2832 2267 2879 aliarum

1386 2922 1438 2953 ex
1463 2905 1601 2952 >altera
1618 2919 1738 2969 parte
1752 2902 1988 2970 pofitarum
2002 2934 2019 2959 ‚
2053 2918 2149 2966 quae
2168 2917 2268 2948 om·-

1384 2978 1457 3022 nia
1474 2973 1573 3022 satis
1590 2976 1828 3023 luculenter
1845 2975 2120 3022 Alemannus
2137 2972 2264 3036 ipse-v

1385 3046 1590 3112 explanat
1622 3078 1635 3091 .
2023 3070 2025 3072 v
2180 3072 2186 3074 -

1489 3119 1542 3163 In
1555 3116 1688 3163 altera
1702 3116 1861 3179 nempe
1875 3109 2035 3159 finistra
2050 3110 2271 3173 Triclinij‚'

1384 3185 1454 3232 seu
1468 3191 1609 3233 Arcus
1628 3200 1749 3251 parte
1764 3186 1855 3231 aliae
1873 3182 1955 3229 tres
1969 3180 2008 3227 se
2023 3179 2063 3228 se
2075 3178 2266 3227 offerunt

1382 3255 1530 3323 figurae
1546 3288 1561 3313 ,
1597 3258 1653 3303 ali
1655 3253 1694 3318 js
1725 3253 1860 3303 tribus
1891 3251 2101 3319 oppositis
2115 3249 2264 3315 quoad

2070 3320 2199 3369 situm
