2378 3674
641 262 1148 318 CAPUT

100 337 248 386 aetatis
263 351 379 382 anno
395 330 676 382 crucifixum
703 330 836 384 fuiffe
852 370 867 392 ,
899 335 1076 384 multo·

99 424 207 453 rum
245 406 435 466 Battum
454 402 756 470 expendenfis
781 404 1074 454 auetoritati-

100 474 184 523 bus
200 510 210 521 .
226 477 354 522 Nam
369 474 582 523 nonnulli
608 475 761 523 Patres
789 475 877 523 hoc
897 472 1075 524 fastum

100 562 222 592 anno
250 541 487 611 trigesimo
512 545 697 611 primo,
725 544 806 592 alii
835 547 952 593 vero
971 545 1076 593 aliis

101 615 230 661 annis
253 610 395 679 usque
417 612 476 661 ad
504 610 944 681 quinquagesimum
968 611 1076 663 sunt

98 684 278 750 opinati
304 719 315 729 .
361 683 521 747 Qare
571 683 839 733 mirandum
878 684 1075 732 minime

100 753 196 808 est,
234 750 269 800 fi
294 752 452 800 Pistor
474 748 716 800 Christum
740 765 874 801 aetate
900 770 1074 821 prove·

98 824 232 872 &um
245 822 541 888 appinxerit,
559 819 667 869 cum
686 823 880 870 illorum
900 820 1076 874 senten-

97 895 217 941 tiam
233 888 355 940 forte
376 886 596 956 sequutus
627 889 800 951 fuerit,
819 893 899 959 qui
925 891 984 943 ad
1014 890 1075 940 se.

96 963 234 1010 nium
279 974 555 1027 vergentem
602 961 844 1013 Christum
887 958 1078 1014 obiiffe,

98 1030 428 1081 existimarunt
449 1067 459 1076 .
493 1029 708 1083 Ulterius
732 1033 916 1098 prolixa
936 1032 1076 1082 barba

100 1101 299 1149 minime
329 1101 461 1148 valet
480 1136 495 1156 ,
525 1113 579 1147 ut
611 1114 737 1148 certa
757 1100 964 1171 dignosci
996 1121 1075 1149 va-

99 1173 195 1219 leat
225 1185 330 1218 aetas
348 1204 360 1212 -
392 1173 518 1217 Nam
545 1169 854 1218 Sacerdotum
878 1170 1072 1240 Judaeo-

99 1258 224 1296 rum,
244 1243 672 1306 Nazaraeorumque
691 1258 792 1289 mos
808 1237 918 1298 fuit,
937 1242 1075 1308 capil-

96 1312 183 1366 105,
199 1312 249 1360 ἃ
265 1308 454 1357 barbam
466 1311 663 1368 nutrire,
680 1324 731 1358 ut
746 1314 891 1359 Sacrae
908 1312 1078 1360 docent

100 1381 268 1427 Literae
293 1415 303 1425 .
338 1384 409 1430 De
430 1379 756 1428 Sacerdotibus
787 1381 941 1430 Levit.
978 1399 1077 1448 cap.

107 1469 182 1509 19.
203 1467 418 1511 num.27.
437 1450 586 1517 Neque
608 1455 654 1499 in
682 1451 906 1501 rotundum
936 1468 1076 1501 atton-

98 1521 256 1570 debitis
270 1535 417 1586 caput,
452 1539 522 1569 nec
549 1522 713 1570 radetis
738 1521 932 1569 barbam.
974 1525 1076 1570 De,

100 1594 335 1639 Nazaraeis
354 1606 513 1639 autem
534 1593 736 1640 Numer.
758 1610 856 1658 cap.
877 1602 924 1639 6.
961 1610 1002 1637 n.
1030 1607 1072 1649 5.

100 1659 324 1710 habetur:
345 1662 479 1712 Omni
494 1675 672 1725 tempore
687 1662 977 1728 fhparationis
991 1662 1077 1726 fite

101 1733 315 1780 novacula
333 1751 412 1779 non
438 1731 639 1799 transtbit
657 1734 786 1798 sitper
814 1747 935 1788 caput
960 1737 1077 1796 ejus,

99 1824 126 1851 u
149 1821 223 1868 que
257 1802 317 1849 ad
340 1804 585 1868 completum
609 1801 722 1849 diem
747 1838 762 1859 ,
793 1822 869 1869 quo
897 1803 1080 1851 Domino

99 1873 384 1940 consecratur,
391 1871 571 1941 fitnffus
595 1876 677 1921 erit
695 1874 898 1941 cresi-ente
920 1873 1082 1940 caefhrie

98 1946 256 2008 capitis
270 1947 382 2007 ejus.
403 1946 458 1992 In
476 1944 595 1989 hunc
626 1943 786 1990 locum
814 1956 968 1989 narrat
986 1942 1078 1989 Lo·

79 2051 81 2054 .
99 2015 253 2069 rinus,
273 2009 525 2078 quodlicet
538 2013 703 2079 capitis
720 2009 932 2080 expressi
948 2029 1080 2059 men·

100 2084 231 2131 tione
249 2117 265 2139 ‚
285 2082 503 2130 videatur
520 2083 714 2149 capillus
735 2081 921 2131 tantum
938 2082 1077 2129 intel-

100 2153 186 2219 ligi
214 2187 230 2209 ,
260 2149 400 2198 barba
420 2170 515 2200 non
539 2153 653 2199 item
679 2187 696 2210 ,
721 2153 778 2201 de
807 2153 891 2202 hac
919 2166 1080 2200 tamen

101 2239 262 2269 omnes
283 2223 426 2268 etiam
453 2222 724 2290 intelligunt
739 2260 755 2281 ,
786 2224 835 2273 ὃς
863 2221 921 2270 ad
941 2233 1082 2288 caput

101 2294 334 2357 pertinere
349 2309 439 2341 non
467 2291 709 2340 dubitant.
741 2295 888 2342 Varia
904 2292 961 2341 de
985 2291 1082 2337 bar-

103 2360 174 2409 bis
192 2361 384 2426 prolixis
400 2364 770 2430 texuitJoannes
789 2363 967 2412 Pierius
982 2365 1078 2410 Va-

102 2431 307 2479 lerianus
320 2464 335 2485 ‚
350 2429 408 2477 ad
425 2449 562 2496 quem
576 2433 811 2481 curiosum
828 2432 1078 2481 Lestorem

104 2500 240 2567 plura
254 2498 310 2546 de
325 2497 476 2546 barbis
490 2497 604 2548 scire
618 2505 908 2569 cupientem,
922 2502 1079 2550 remit-

103 2584 152 2616 to
174 2605 184 2614 .
206 2567 485 2616 Notandum
507 2586 693 2636 quoque
716 2572 779 2620 est
794 2608 810 2630 ,
830 2570 1077 2622 Mufivum

102 2656 220 2705 opus
246 2655 304 2685 ex
333 2640 485 2705 parvis
504 2637 769 2688 confectum
788 2638 875 2689 effe
895 2641 1082 2707 lapillis3

103 2706 413 2774 quamobrem
442 2726 546 2756 eam
576 2707 868 2758 venustatem
897 2746 913 2767 ,
939 2727 1077 2775 quam

104 2775 400 2845 repraesentat
423 2813 438 2834 ,
475 2778 660 2828 Pistum
688 2779 909 2828 exhibere
942 2780 1077 2826 mini-

104 2849 181 2896 me
197 2846 374 2915 potest,
389 2861 441 2894 ut
464 2844 509 2894 in
525 2846 676 2897 nostro
694 2866 833 2916 opere
849 2847 905 2897 de
923 2853 1072 2898 Vete-

103 2918 234 2967 ribus
262 2919 577 2965 Monimentis
612 2918 745 2967 Parte
787 2939 827 2967 1.
862 2937 960 2986 cap.
999 2937 1075 2965 12.

100 2985 202 3036 fuse
224 2987 510 3036 ostendimus
533 3023 543 3033 .
576 2990 648 3036 De
665 2989 796 3051 liujus
824 2986 1004 3036 Mufivi
1021 3007 1079 3035 ae-

101 3071 217 3116 tate,
231 3075 395 3126 nempe
410 3075 624 3123 aevo‚quo
641 3059 956 3107 construRUm
973 3055 1080 3114 fuit,

102 3127 294 3178 illiusve
339 3128 550 3176 Auctore
597 3130 715 3176 nihil
759 3131 959 3196 reperire
994 3145 1075 3194 po-

100 3196 278 3246 tuimus
307 3221 321 3259 3
350 3199 621 3260 conjicimus
653 3212 808 3247 tamen
828 3235 843 3256 ,
879 3197 1073 3247 undeci-

101 3282 253 3324 mum,
267 3269 343 3316 vel
357 3268 697 3317 duodecimum
715 3269 927 3318 redolere
942 3264 1075 3316 saecu-

1281 263 1322 314 L
1359 266 1407 316 V
1432 262 1461 312 I
1494 262 1525 312 I
1545 261 1583 312 Ι.
2011 272 2102 324 183

1128 335 1262 394 lum3
1292 351 1399 381 nam
1416 351 1473 383 ex
1489 331 1716 390 floribus,
1737 333 1933 400 aliisque
1965 353 2101 384 orna-

1127 401 1269 461 tibus,
1286 402 1785 452 BethlemicoMufivo
1805 402 2103 464 affimilatur,

1127 475 1257 538 quod
1283 490 1366 540 per
1399 471 1550 522 isthaec
1580 487 1791 543 tempora
1810 472 2104 523 elaboratum

1127 540 1237 600 fuit,
1257 556 1311 591 ut
1327 560 1409 590 nos
1430 540 1564 609 supra
1579 562 1678 611 cap.
1702 562 1780 606 24.
1798 542 2101 593 ostendimus.

1128 611 1422 662 Addendum
1437 610 1625 680 insuper
1638 613 1702 663 est
1717 650 1734 671 ,
1758 611 2019 662 admodum
2038 618 2099 663 R.

1128 681 1176 729 P.
1211 683 1571 731 Emmanuelem
1607 702 1631 729 a
1651 685 1695 730 S.
1719 685 1999 742 Clemente,
2019 686 2101 751 qui

1127 753 1262 814 hujus
1274 749 1454 800 Mufivi
1468 753 1619 818 operis
1632 754 1871 819 exemplar
1883 752 2106 803 Hieroso-

1128 822 1274 890 lymis
1288 824 1493 869 Romam
1509 818 1700 879 detulit,
1714 818 1875 871 dixisse
1889 824 2023 881 mihi,
2039 825 2106 874 ita

1128 909 1187 940 ex
1205 891 1479 958 lampadum
1498 926 1514 949 ,
1550 892 1846 958 aliorumque
1866 893 2106 941 luminum

1126 958 1262 1009 fumo
1281 961 1366 1008 hoc
1385 960 1632 1009 Mulivum
1659 959 1744 1010 effe
1772 961 2033 1011 obductum
2050 981 2101 1011 0-

1129 1050 1229 1099 pus,
1251 1032 1363 1078 utin
1379 1032 1460 1080 illo
1482 1029 1829 1080 transcribendo
1845 1033 1913 1081 uti
1930 1033 2101 1081 cande-

1127 1104 1179 1149 1ae
1201 1102 1380 1149 lumine
1401 1096 1654 1168 pernecesse
1670 1099 1833 1151 fuerit:
1850 1118 1990 1169 quare
2005 1099 2101 1150 for-

1129 1168 1236 1220 tasse
1256 1170 1412 1219 Pictor
1442 1172 1488 1217 in
1522 1167 1868 1220 transcribendo
1896 1175 2106 1229 erravit,

1129 1240 1429 1290 &Christum
1448 1238 1694 1298 seniorem,
1710 1244 1848 1306 quam
1868 1238 1962 1307 ipsa
1981 1238 2100 1310 figu-

1132 1328 1179 1359 ra
1194 1306 1490 1376 repraesentat
1504 1344 1520 1366 ,
1540 1310 1800 1358 delineavit
1812 1346 1823 1356 .

1204 1380 1473 1427 Secundum
1492 1380 1643 1426 oritur
1661 1378 1862 1427 dubium
1881 1398 1937 1428 ex
1966 1381 2107 1427 trian-

1131 1451 1279 1518 gulari
1297 1449 1642 1504 diademate(ut
1658 1447 1803 1516 vulgo
1818 1451 2106 1518 appellatur)

1132 1533 1257 1568 retro
1287 1516 1459 1567 Christi
1478 1532 1615 1586 caput
1635 1517 1840 1585 expresso
1855 1555 1872 1578 ,
1893 1519 2018 1586 quod
2037 1516 2107 1567 so-

1130 1588 1230 1638 lam
1263 1589 1385 1636 Patri
1417 1589 1603 1636 AEterno
1621 1591 1812 1655 appingi
1844 1587 1960 1638 solet
1979 1625 1990 1636 .
2009 1590 2107 1639 Cui

1131 1659 1275 1707 dubio
1297 1655 1562 1724 responderi
1587 1656 1706 1726 poffe
1725 1659 1883 1720 judico
1902 1694 1917 1717 ‚
1941 1661 2026 1707 'noc
2046 1657 2108 1706 ad.

1133 1729 1327 1778 Pictoris
1369 1729 1595 1795 placitum
1628 1724 1758 1777 fui-sse
1799 1725 2062 1797 expressum
2093 1764 2106 1775 .

1133 1802 1261 1848 Nam
1283 1799 1578 1865 triangularis
1603 1795 1753 1846 forma
1775 1801 2031 1865 unicuique
2048 1814 2110 1847 ex

1134 1866 1343 1917 Fersonis
1376 1865 1693 1916 §acratiflimae
1712 1868 1900 1917 Triadis
1931 1885 2108 1918 conve·

1133 1942 1230 1996 nit,
1249 1936 1355 1985 cum
1372 1936 1547 1985 eaedem
1566 1936 1654 1984 sint
1682 1940 1725 1984 in
1743 1934 1942 1987 Effentia
1961 1974 1976 1996 ,
1997 1954 2107 1984 nam

1133 2007 1388 2058 earundem
1413 2024 1503 2054 una
1537 2005 1600 2054 est
1632 2010 1897 2064 Divinitas,
1922 2008 2109 2073 aequalis

1132 2080 1281 2146 gloria
1295 2113 1310 2134 ‚
1331 2089 1558 2126 coc-eterna
1577 2074 1794 2140 Majestas
1811 2113 1820 2123 .
1840 2078 2010 2143 Qalis
2025 2077 2106 2124 Pa-

1134 2165 1224 2205 ter,
1240 2149 1342 2208 talis
1361 2146 1522 2203 Filius,
1542 2148 1643 2193 talis
1664 2149 1863 2213 Spiritus
1883 2147 2074 2196 haustus
2092 2168 2109 2206 3

1133 2232 1187 2267 ut
1206 2215 1347 2265 fufius
1373 2213 1597 2262 habemus
1624 2217 1670 2261 in
1687 2215 1923 2282 Symbolo
1937 2251 1954 2274 ,
1978 2219 2108 2283 quod.

1134 2286 1216 2335 sub
1248 2283 1492 2335 Athanasii
1523 2286 1712 2332 nomine
1746 2282 2075 2334 circumfertur
2091 2322 2103 2333 .

1133 2362 1234 2408 Cur
1248 2370 1405 2404 autem
1421 2353 1638 2402 diadema
1654 2356 1700 2401 in
1715 2352 1906 2413 Christi,
1925 2356 2108 2404 83ῃὲὶο-

1135 2444 1332 2493 rumque
1364 2426 1517 2491 capite
1547 2426 1871 2491 exprimatur,
1893 2423 2106 2491 exposui-

1134 2515 1236 2546 mus
1265 2498 1311 2544 in
1342 2495 1469 2545 dieto
1491 2494 1643 2542 nostro
1664 2512 1805 2561 opere
1823 2495 1880 2542 de
1901 2492 2106 2544 Musivis

1134 2565 1372 2636 Operibus
1397 2577 1526 2632 parte
1543 2567 1944 2632 I.cap.14.utpote
1962 2567 2107 2613 etiam

1136 2642 1182 2687 in
1202 2656 1300 2705 cap.
1325 2644 1404 2685 26.
1424 2633 1503 2682 ubi
1523 2634 1637 2699 quid
1657 2632 1836 2681 Globus
1853 2637 1901 2681 in
1921 2632 2107 2681 simula-

1131 2725 1320 2758 crorum
1360 2701 1574 2753 manibus
1620 2701 1849 2770 expressus
1878 2703 2103 2761 denotet,

1129 2776 1431 2845 exposuimus
1447 2809 1456 2819 .

1200 2846 1426 2894 Tertium
1441 2839 1568 2908 quod
1592 2839 1773 2890 accedit
1799 2839 2000 2891 dubium
2015 2840 2102 2892 est:

1130 2916 1188 2965 ad
1207 2910 1379 2965 Christi
1398 2914 1536 2978 pedes
1551 2911 1667 2959 duos
1681 2908 1916 2959 observari
1939 2916 2100 2981 Ange-

1134 2990 1201 3035 los
1217 2983 1435 3031 baculum
1452 3017 1468 3039 ,
1488 2979 1566 3029 seu
1578 2981 1821 3048 quidpiam
1843 2979 1993 3031 fimile
2008 2999 2101 3051 prae

1134 3051 1347 3102 manibus
1376 3065 1610 3112 tenentes3
1636 3068 1692 3099 ne
1725 3052 1814 3100 hoc
1839 3053 1984 3099 etiam
2015 3053 2099 3101 du-

1133 3126 1265 3173 bium
1305 3124 1591 3170 intentatum
1623 3121 1883 3188 relinquam
1904 3156 1920 3178 ,
1942 3138 2100 3171 meam

1128 3210 1314 3262 expono
1331 3189 1605 3240 sententiam
1617 3225 1635 3247 ,
1650 3208 1789 3255 quam
1801 3196 1897 3253 jam
1919 3189 2103 3260 expres·

1128 3264 1164 3315 fi
1191 3268 1239 3314 in
1269 3261 1439 3313 eodem
1479 3278 1586 3310 meo
1623 3278 1774 3331 opere
1794 3260 1852 3310 de
1876 3260 2098 3311 ·Mufivis

1968 3335 2099 3401 Ope-
