<?xml version="1.0" encoding="UTF-8"?>
<!DOCTYPE html PUBLIC "-//W3C//DTD XHTML 1.0 Transitional//EN"
    "http://www.w3.org/TR/xhtml1/DTD/xhtml1-transitional.dtd">
<html xmlns="http://www.w3.org/1999/xhtml" xml:lang="en" lang="en">
 <head>
  <title>
</title>
<meta http-equiv="Content-Type" content="text/html;charset=utf-8" />
  <meta name='ocr-system' content='tesseract 3.04.00' />
  <meta name='ocr-capabilities' content='ocr_page ocr_carea ocr_par ocr_line ocrx_word'/>
</head>
<body>
  <div class='ocr_page' id='page_1' title='image "./joannisciampinir2thru3ciam_0020.png"; bbox 0 0 2378 3674; ppageno 0'>
   <div class='ocr_carea' id='block_1_1' title="bbox 246 213 2278 2996">
    <p class='ocr_par' dir='ltr' id='par_1_1' title="bbox 265 213 362 247">
     <span class='ocr_line' id='line_1_1' title="bbox 265 213 362 247; baseline 0.021 -5"><span class='ocrx_word' id='word_1_1' title='bbox 265 213 362 247; x_wconf 58' lang='lat' dir='ltr'><strong>XIV</strong></span> 
     </span>
    </p>

    <p class='ocr_par' dir='ltr' id='par_1_2' title="bbox 246 268 2278 2996">
     <span class='ocr_line' id='line_1_2' title="bbox 428 268 2278 341; baseline 0.002 -19"><span class='ocrx_word' id='word_1_2' title='bbox 428 268 531 323; x_wconf 84' lang='lat' dir='ltr'><strong>His</strong></span> <span class='ocrx_word' id='word_1_3' title='bbox 577 269 847 340; x_wconf 64' lang='lat' dir='ltr'><strong>praemissis</strong></span> <span class='ocrx_word' id='word_1_4' title='bbox 885 310 900 330; x_wconf 92' lang='lat'>‚</span> <span class='ocrx_word' id='word_1_5' title='bbox 942 270 1209 341; x_wconf 75' lang='lat' dir='ltr'>subjiciam</span> <span class='ocrx_word' id='word_1_6' title='bbox 1250 271 1443 328; x_wconf 83' lang='lat' dir='ltr'><strong>necesse</strong></span> <span class='ocrx_word' id='word_1_7' title='bbox 1486 272 1555 326; x_wconf 90' lang='lat' dir='ltr'><strong>est</strong></span> <span class='ocrx_word' id='word_1_8' title='bbox 1594 310 1609 332; x_wconf 91' lang='lat'><strong>,</strong></span> <span class='ocrx_word' id='word_1_9' title='bbox 1643 291 1729 326; x_wconf 89' lang='lat' dir='ltr'><strong>me</strong></span> <span class='ocrx_word' id='word_1_10' title='bbox 1760 274 1811 325; x_wconf 88' lang='lat' dir='ltr'><strong>in</strong></span> <span class='ocrx_word' id='word_1_11' title='bbox 1842 275 1942 327; x_wconf 80' lang='lat' dir='ltr'><strong>hoc</strong></span> <span class='ocrx_word' id='word_1_12' title='bbox 1980 273 2278 332; x_wconf 64' lang='lat' dir='ltr'><strong>Traclatu,</strong></span> 
     </span>
     <span class='ocr_line' id='line_1_3' title="bbox 264 349 2278 419; baseline 0.003 -23"><span class='ocrx_word' id='word_1_13' title='bbox 264 361 324 397; x_wconf 79' lang='lat' dir='ltr'><strong>ac</strong></span> <span class='ocrx_word' id='word_1_14' title='bbox 362 349 698 415; x_wconf 67' lang='lat' dir='ltr'><strong>peculiariter</strong></span> <span class='ocrx_word' id='word_1_15' title='bbox 743 350 792 400; x_wconf 91' lang='lat' dir='ltr'><strong>in</strong></span> <span class='ocrx_word' id='word_1_16' title='bbox 834 349 1074 419; x_wconf 75' lang='lat' dir='ltr'><strong>praesenti</strong></span> <span class='ocrx_word' id='word_1_17' title='bbox 1113 349 1408 404; x_wconf 88' lang='lat' dir='ltr'><strong>Volumine</strong></span> <span class='ocrx_word' id='word_1_18' title='bbox 1432 390 1446 410; x_wconf 92' lang='lat'>‚</span> <span class='ocrx_word' id='word_1_19' title='bbox 1491 351 1978 412; x_wconf 86' lang='lat' dir='ltr'><strong>Iconoclastarum,</strong></span> <span class='ocrx_word' id='word_1_20' title='bbox 2028 351 2278 405; x_wconf 48' lang='lat' dir='ltr'><strong>recentiow</strong></span> 
     </span>
     <span class='ocr_line' id='line_1_4' title="bbox 263 426 2278 500; baseline 0.002 -25"><span class='ocrx_word' id='word_1_21' title='bbox 263 440 490 497; x_wconf 85' lang='lat' dir='ltr'><strong>rumque</strong></span> <span class='ocrx_word' id='word_1_22' title='bbox 526 426 1004 481; x_wconf 74' lang='lat' dir='ltr'><strong>Heterodoxorum</strong></span> <span class='ocrx_word' id='word_1_23' title='bbox 1046 426 1303 481; x_wconf 86' lang='lat' dir='ltr'><strong>inscitiam</strong></span> <span class='ocrx_word' id='word_1_24' title='bbox 1330 468 1345 488; x_wconf 93' lang='lat'><strong>,</strong></span> <span class='ocrx_word' id='word_1_25' title='bbox 1383 431 1435 482; x_wconf 64' lang='grc' dir='ltr'><strong>δε</strong></span> <span class='ocrx_word' id='word_1_26' title='bbox 1469 430 1831 500; x_wconf 77' lang='lat' dir='ltr'><strong>pervicaciam</strong></span> <span class='ocrx_word' id='word_1_27' title='bbox 1872 431 2151 482; x_wconf 87' lang='lat' dir='ltr'><strong>retundere</strong></span> <span class='ocrx_word' id='word_1_28' title='bbox 2188 446 2278 480; x_wconf 83' lang='lat' dir='ltr'><strong>vo-</strong></span> 
     </span>
     <span class='ocr_line' id='line_1_5' title="bbox 262 500 2275 578; baseline 0.003 -26"><span class='ocrx_word' id='word_1_29' title='bbox 262 500 434 553; x_wconf 79' lang='lat' dir='ltr'><strong>luisse.</strong></span> <span class='ocrx_word' id='word_1_30' title='bbox 482 503 780 571; x_wconf 79' lang='lat' dir='ltr'><strong>Legitimus</strong></span> <span class='ocrx_word' id='word_1_31' title='bbox 833 506 971 558; x_wconf 89' lang='lat' dir='ltr'><strong>enim</strong></span> <span class='ocrx_word' id='word_1_32' title='bbox 1012 504 1262 559; x_wconf 77' lang='lat' dir='ltr'>obsolevit</span> <span class='ocrx_word' id='word_1_33' title='bbox 1296 507 1437 578; x_wconf 87' lang='lat' dir='ltr'><strong>apud</strong></span> <span class='ocrx_word' id='word_1_34' title='bbox 1470 506 1604 577; x_wconf 87' lang='lat' dir='ltr'><strong>ipsos</strong></span> <span class='ocrx_word' id='word_1_35' title='bbox 1641 509 1927 560; x_wconf 85' lang='lat' dir='ltr'><strong>Sacrarum</strong></span> <span class='ocrx_word' id='word_1_36' title='bbox 1966 509 2275 577; x_wconf 85' lang='lat' dir='ltr'><strong>Imaginum</strong></span> 
     </span>
     <span class='ocr_line' id='line_1_6' title="bbox 263 577 2275 658; baseline 0.002 -28"><span class='ocrx_word' id='word_1_37' title='bbox 263 577 435 632; x_wconf 87' lang='lat' dir='ltr'><strong>cultus</strong></span> <span class='ocrx_word' id='word_1_38' title='bbox 475 581 570 633; x_wconf 90' lang='lat' dir='ltr'><strong>hac</strong></span> <span class='ocrx_word' id='word_1_39' title='bbox 608 583 801 650; x_wconf 87' lang='lat' dir='ltr'><strong>potiori</strong></span> <span class='ocrx_word' id='word_1_40' title='bbox 831 585 1065 643; x_wconf 88' lang='lat' dir='ltr'><strong>ratione,</strong></span> <span class='ocrx_word' id='word_1_41' title='bbox 1109 585 1234 656; x_wconf 82' lang='lat' dir='ltr'><strong>quia</strong></span> <span class='ocrx_word' id='word_1_42' title='bbox 1276 587 1657 658; x_wconf 75' lang='lat' dir='ltr'>quamplures,</span> <span class='ocrx_word' id='word_1_43' title='bbox 1691 601 1825 658; x_wconf 87' lang='lat' dir='ltr'><strong>quas</strong></span> <span class='ocrx_word' id='word_1_44' title='bbox 1866 585 2142 656; x_wconf 86' lang='lat' dir='ltr'><strong>primitiva</strong></span> <span class='ocrx_word' id='word_1_45' title='bbox 2183 601 2275 637; x_wconf 79' lang='lat' dir='ltr'><strong>ex·</strong></span> 
     </span>
     <span class='ocr_line' id='line_1_7' title="bbox 260 655 2273 733; baseline 0.002 -25"><span class='ocrx_word' id='word_1_46' title='bbox 260 655 436 726; x_wconf 71' lang='lat' dir='ltr'><strong>pressit</strong></span> <span class='ocrx_word' id='word_1_47' title='bbox 474 657 694 711; x_wconf 71' lang='lat' dir='ltr'><strong>Ecclesia</strong></span> <span class='ocrx_word' id='word_1_48' title='bbox 739 698 753 721; x_wconf 91' lang='lat'><strong>,</strong></span> <span class='ocrx_word' id='word_1_49' title='bbox 798 662 886 714; x_wconf 87' lang='lat' dir='ltr'><strong>vel</strong></span> <span class='ocrx_word' id='word_1_50' title='bbox 927 664 1182 733; x_wconf 86' lang='lat' dir='ltr'><strong>temporis</strong></span> <span class='ocrx_word' id='word_1_51' title='bbox 1225 664 1514 717; x_wconf 79' lang='lat' dir='ltr'>voracitate</span> <span class='ocrx_word' id='word_1_52' title='bbox 1557 701 1573 722; x_wconf 86' lang='lat'>‚</span> <span class='ocrx_word' id='word_1_53' title='bbox 1607 663 1700 718; x_wconf 87' lang='lat' dir='ltr'><strong>vel</strong></span> <span class='ocrx_word' id='word_1_54' title='bbox 1743 664 2004 717; x_wconf 89' lang='lat' dir='ltr'><strong>bellorum</strong></span> <span class='ocrx_word' id='word_1_55' title='bbox 2051 661 2273 716; x_wconf 77' lang='lat' dir='ltr'><strong>turbini·</strong></span> 
     </span>
     <span class='ocr_line' id='line_1_8' title="bbox 262 734 2273 806; baseline 0.005 -21"><span class='ocrx_word' id='word_1_56' title='bbox 262 735 358 786; x_wconf 91' lang='lat' dir='ltr'><strong>bus</strong></span> <span class='ocrx_word' id='word_1_57' title='bbox 398 734 716 806; x_wconf 58' lang='lat' dir='ltr'><strong>consumpta:</strong></span> <span class='ocrx_word' id='word_1_58' title='bbox 770 754 1095 793; x_wconf 80' lang='lat' dir='ltr'><strong>evanuerunt</strong></span> <span class='ocrx_word' id='word_1_59' title='bbox 1138 778 1157 803; x_wconf 91' lang='lat'>‚</span> <span class='ocrx_word' id='word_1_60' title='bbox 1192 756 1252 795; x_wconf 91' lang='lat' dir='ltr'><strong>ut</strong></span> <span class='ocrx_word' id='word_1_61' title='bbox 1298 742 1609 796; x_wconf 81' lang='lat' dir='ltr'><strong>Novatores</strong></span> <span class='ocrx_word' id='word_1_62' title='bbox 1659 740 1882 794; x_wconf 86' lang='lat' dir='ltr'><strong>irrident</strong></span> <span class='ocrx_word' id='word_1_63' title='bbox 1921 741 2233 795; x_wconf 85' lang='lat' dir='ltr'><strong>Catholicos</strong></span> <span class='ocrx_word' id='word_1_64' title='bbox 2261 777 2273 796; x_wconf 82' lang='lat'><strong>‚</strong></span> 
     </span>
     <span class='ocr_line' id='line_1_9' title="bbox 261 813 2269 888; baseline 0.003 -26"><span class='ocrx_word' id='word_1_65' title='bbox 261 813 503 865; x_wconf 57' lang='lat' dir='ltr'><strong>iconibus</strong></span> <span class='ocrx_word' id='word_1_66' title='bbox 538 814 772 868; x_wconf 79' lang='lat' dir='ltr'>debitam</span> <span class='ocrx_word' id='word_1_67' title='bbox 807 819 1116 870; x_wconf 56' lang='lat' dir='ltr'><strong>exhibentes</strong></span> <span class='ocrx_word' id='word_1_68' title='bbox 1150 820 1543 872; x_wconf 77' lang='lat' dir='ltr'><strong>venerationem</strong></span> <span class='ocrx_word' id='word_1_69' title='bbox 1572 859 1582 869; x_wconf 91' lang='lat'><strong>.</strong></span> <span class='ocrx_word' id='word_1_70' title='bbox 1624 819 1769 874; x_wconf 77' lang='lat' dir='ltr'><strong>Cum</strong></span> <span class='ocrx_word' id='word_1_71' title='bbox 1811 833 1991 873; x_wconf 88' lang='lat' dir='ltr'><strong>autem</strong></span> <span class='ocrx_word' id='word_1_72' title='bbox 2023 820 2269 888; x_wconf 80' lang='lat' dir='ltr'>plurimis</span> 
     </span>
     <span class='ocr_line' id='line_1_10' title="bbox 261 889 2273 968; baseline 0.005 -28"><span class='ocrx_word' id='word_1_73' title='bbox 261 889 314 940; x_wconf 89' lang='lat' dir='ltr'><strong>in</strong></span> <span class='ocrx_word' id='word_1_74' title='bbox 358 889 487 943; x_wconf 91' lang='lat' dir='ltr'><strong>locis</strong></span> <span class='ocrx_word' id='word_1_75' title='bbox 524 890 697 944; x_wconf 86' lang='lat' dir='ltr'><strong>adhuc</strong></span> <span class='ocrx_word' id='word_1_76' title='bbox 734 893 878 949; x_wconf 70' lang='lat' dir='ltr'><strong>sacra</strong></span> <span class='ocrx_word' id='word_1_77' title='bbox 919 910 1101 948; x_wconf 78' lang='lat' dir='ltr'><strong>extent</strong></span> <span class='ocrx_word' id='word_1_78' title='bbox 1143 896 1358 949; x_wconf 77' lang='lat' dir='ltr'><strong>Mufiva</strong></span> <span class='ocrx_word' id='word_1_79' title='bbox 1394 935 1408 954; x_wconf 92' lang='lat'><strong>,</strong></span> <span class='ocrx_word' id='word_1_80' title='bbox 1447 913 1679 968; x_wconf 81' lang='lat' dir='ltr'><strong>quorum</strong></span> <span class='ocrx_word' id='word_1_81' title='bbox 1716 915 1906 951; x_wconf 86' lang='lat' dir='ltr'><strong>nomen</strong></span> <span class='ocrx_word' id='word_1_82' title='bbox 1945 897 2168 968; x_wconf 66' lang='lat' dir='ltr'><strong>pidiurae</strong></span> <span class='ocrx_word' id='word_1_83' title='bbox 2202 915 2273 950; x_wconf 84' lang='lat' dir='ltr'><strong>ae·</strong></span> 
     </span>
     <span class='ocr_line' id='line_1_11' title="bbox 259 967 2275 1044; baseline 0.002 -24"><span class='ocrx_word' id='word_1_84' title='bbox 259 981 423 1021; x_wconf 84' lang='lat' dir='ltr'><strong>ternae</strong></span> <span class='ocrx_word' id='word_1_85' title='bbox 465 967 739 1039; x_wconf 81' lang='lat' dir='ltr'><strong>respondet</strong></span> <span class='ocrx_word' id='word_1_86' title='bbox 781 974 1023 1032; x_wconf 80' lang='lat' dir='ltr'><strong>eventui3</strong></span> <span class='ocrx_word' id='word_1_87' title='bbox 1066 972 1121 1023; x_wconf 64' lang='grc' dir='ltr'><strong>δι’</strong></span> <span class='ocrx_word' id='word_1_88' title='bbox 1161 973 1210 1025; x_wconf 90' lang='lat' dir='ltr'><strong>in</strong></span> <span class='ocrx_word' id='word_1_89' title='bbox 1246 975 1345 1027; x_wconf 91' lang='lat' dir='ltr'><strong>illis</strong></span> <span class='ocrx_word' id='word_1_90' title='bbox 1386 974 1501 1027; x_wconf 79' lang='lat' dir='ltr'><strong>tum</strong></span> <span class='ocrx_word' id='word_1_91' title='bbox 1542 975 1717 1028; x_wconf 84' lang='lat' dir='ltr'><strong>Sacrae</strong></span> <span class='ocrx_word' id='word_1_92' title='bbox 1760 976 2027 1044; x_wconf 72' lang='lat' dir='ltr'><strong>Imagines</strong></span> <span class='ocrx_word' id='word_1_93' title='bbox 2066 1013 2080 1034; x_wconf 94' lang='lat'>‚</span> <span class='ocrx_word' id='word_1_94' title='bbox 2122 974 2275 1027; x_wconf 54' lang='lat' dir='ltr'><strong>timu,</strong></span> 
     </span>
     <span class='ocr_line' id='line_1_12' title="bbox 259 1045 2274 1122; baseline 0.002 -25"><span class='ocrx_word' id='word_1_95' title='bbox 259 1045 406 1098; x_wconf 79' lang='lat' dir='ltr'><strong>Sacri</strong></span> <span class='ocrx_word' id='word_1_96' title='bbox 445 1047 604 1100; x_wconf 85' lang='lat' dir='ltr'>Ritus</span> <span class='ocrx_word' id='word_1_97' title='bbox 642 1084 658 1105; x_wconf 90' lang='lat'>‚</span> <span class='ocrx_word' id='word_1_98' title='bbox 704 1050 817 1103; x_wconf 81' lang='lat' dir='ltr'><strong>tum</strong></span> <span class='ocrx_word' id='word_1_99' title='bbox 857 1050 953 1102; x_wconf 87' lang='lat' dir='ltr'><strong>alia</strong></span> <span class='ocrx_word' id='word_1_100' title='bbox 996 1050 1163 1103; x_wconf 89' lang='lat' dir='ltr'><strong>multa</strong></span> <span class='ocrx_word' id='word_1_101' title='bbox 1201 1050 1550 1106; x_wconf 86' lang='lat' dir='ltr'><strong>Ecclefiastica</strong></span> <span class='ocrx_word' id='word_1_102' title='bbox 1594 1051 2033 1122; x_wconf 71' lang='lat' dir='ltr'><strong>repraesententur</strong></span> <span class='ocrx_word' id='word_1_103' title='bbox 2077 1091 2092 1111; x_wconf 88' lang='lat'>‚</span> <span class='ocrx_word' id='word_1_104' title='bbox 2132 1051 2274 1103; x_wconf 88' lang='lat' dir='ltr'><strong>loco-</strong></span> 
     </span>
     <span class='ocr_line' id='line_1_13' title="bbox 263 1123 2270 1202; baseline 0.003 -27"><span class='ocrx_word' id='word_1_105' title='bbox 263 1139 384 1175; x_wconf 91' lang='lat' dir='ltr'><strong>rum</strong></span> <span class='ocrx_word' id='word_1_106' title='bbox 422 1137 603 1178; x_wconf 86' lang='lat' dir='ltr'><strong>tamen</strong></span> <span class='ocrx_word' id='word_1_107' title='bbox 640 1123 883 1181; x_wconf 73' lang='lat' dir='ltr'><strong>distantia</strong></span> <span class='ocrx_word' id='word_1_108' title='bbox 906 1166 919 1185; x_wconf 95' lang='lat'><strong>,</strong></span> <span class='ocrx_word' id='word_1_109' title='bbox 949 1128 1002 1179; x_wconf 72' lang='grc' dir='ltr'><strong>δε</strong></span> <span class='ocrx_word' id='word_1_110' title='bbox 1039 1129 1450 1184; x_wconf 82' lang='lat' dir='ltr'><strong>Praedicantium</strong></span> <span class='ocrx_word' id='word_1_111' title='bbox 1476 1126 1704 1183; x_wconf 66' lang='lat' dir='ltr'><strong>versutia</strong></span> <span class='ocrx_word' id='word_1_112' title='bbox 1728 1169 1742 1188; x_wconf 93' lang='lat'><strong>,</strong></span> <span class='ocrx_word' id='word_1_113' title='bbox 1785 1131 1999 1202; x_wconf 89' lang='lat' dir='ltr'><strong>Populis</strong></span> <span class='ocrx_word' id='word_1_114' title='bbox 2034 1131 2084 1181; x_wconf 91' lang='lat' dir='ltr'><strong>in</strong></span> <span class='ocrx_word' id='word_1_115' title='bbox 2129 1146 2270 1182; x_wconf 85' lang='lat' dir='ltr'><strong>erro-</strong></span> 
     </span>
     <span class='ocr_line' id='line_1_14' title="bbox 256 1202 2269 1277; baseline 0.004 -26"><span class='ocrx_word' id='word_1_116' title='bbox 256 1216 380 1252; x_wconf 82' lang='lat' dir='ltr'><strong>rum</strong></span> <span class='ocrx_word' id='word_1_117' title='bbox 423 1202 652 1254; x_wconf 89' lang='lat' dir='ltr'><strong>tenebris</strong></span> <span class='ocrx_word' id='word_1_118' title='bbox 692 1242 707 1262; x_wconf 89' lang='lat'><strong>,</strong></span> <span class='ocrx_word' id='word_1_119' title='bbox 748 1205 801 1257; x_wconf 69' lang='grc' dir='ltr'><strong>δε</strong></span> <span class='ocrx_word' id='word_1_120' title='bbox 837 1208 1026 1260; x_wconf 86' lang='lat' dir='ltr'><strong>umbra</strong></span> <span class='ocrx_word' id='word_1_121' title='bbox 1073 1220 1283 1262; x_wconf 77' lang='lat' dir='ltr'><strong>aeternae</strong></span> <span class='ocrx_word' id='word_1_122' title='bbox 1328 1210 1515 1261; x_wconf 91' lang='lat' dir='ltr'><strong>mortis</strong></span> <span class='ocrx_word' id='word_1_123' title='bbox 1557 1206 1882 1261; x_wconf 85' lang='lat' dir='ltr'><strong>versantibus</strong></span> <span class='ocrx_word' id='word_1_124' title='bbox 1924 1209 2269 1277; x_wconf 72' lang='lat' dir='ltr'><strong>incognita--,</strong></span> 
     </span>
     <span class='ocr_line' id='line_1_15' title="bbox 256 1275 2270 1360; baseline 0.004 -31"><span class='ocrx_word' id='word_1_125' title='bbox 256 1275 414 1331; x_wconf 73' lang='lat' dir='ltr'><strong>satius</strong></span> <span class='ocrx_word' id='word_1_126' title='bbox 447 1277 583 1332; x_wconf 84' lang='lat' dir='ltr'><strong>duxi</strong></span> <span class='ocrx_word' id='word_1_127' title='bbox 623 1297 681 1332; x_wconf 90' lang='lat' dir='ltr'><strong>ea</strong></span> <span class='ocrx_word' id='word_1_128' title='bbox 720 1283 1007 1351; x_wconf 83' lang='lat' dir='ltr'><strong>colligere,</strong></span> <span class='ocrx_word' id='word_1_129' title='bbox 1050 1302 1110 1337; x_wconf 86' lang='lat' dir='ltr'><strong>ac</strong></span> <span class='ocrx_word' id='word_1_130' title='bbox 1153 1288 1332 1360; x_wconf 85' lang='lat' dir='ltr'><strong>Typis</strong></span> <span class='ocrx_word' id='word_1_131' title='bbox 1375 1286 1730 1340; x_wconf 79' lang='lat' dir='ltr'><strong>demandare.</strong></span> <span class='ocrx_word' id='word_1_132' title='bbox 1779 1287 1913 1340; x_wconf 85' lang='lat' dir='ltr'><strong>Haec</strong></span> <span class='ocrx_word' id='word_1_133' title='bbox 1948 1300 2128 1340; x_wconf 89' lang='lat' dir='ltr'><strong>autem</strong></span> <span class='ocrx_word' id='word_1_134' title='bbox 2168 1302 2270 1337; x_wconf 91' lang='lat' dir='ltr'><strong>non</strong></span> 
     </span>
     <span class='ocr_line' id='line_1_16' title="bbox 257 1352 2271 1427; baseline 0.004 -21"><span class='ocrx_word' id='word_1_135' title='bbox 257 1352 374 1408; x_wconf 89' lang='lat' dir='ltr'><strong>sunt</strong></span> <span class='ocrx_word' id='word_1_136' title='bbox 421 1357 776 1412; x_wconf 87' lang='lat' dir='ltr'><strong>recentiorum</strong></span> <span class='ocrx_word' id='word_1_137' title='bbox 811 1361 1222 1418; x_wconf 81' lang='lat' dir='ltr'><strong>Catholicorum</strong></span> <span class='ocrx_word' id='word_1_138' title='bbox 1263 1405 1279 1427; x_wconf 85' lang='lat'><strong>,</strong></span> <span class='ocrx_word' id='word_1_139' title='bbox 1317 1378 1375 1418; x_wconf 88' lang='lat' dir='ltr'><strong>ut</strong></span> <span class='ocrx_word' id='word_1_140' title='bbox 1412 1367 1478 1420; x_wconf 87' lang='lat' dir='ltr'><strong>ab</strong></span> <span class='ocrx_word' id='word_1_141' title='bbox 1517 1363 1712 1417; x_wconf 89' lang='lat' dir='ltr'><strong>eisdem</strong></span> <span class='ocrx_word' id='word_1_142' title='bbox 1753 1364 2119 1418; x_wconf 83' lang='lat' dir='ltr'><strong>Heterodoxis</strong></span> <span class='ocrx_word' id='word_1_143' title='bbox 2155 1362 2271 1416; x_wconf 88' lang='lat' dir='ltr'><strong>asse-</strong></span> 
     </span>
     <span class='ocr_line' id='line_1_17' title="bbox 266 1433 2269 1516; baseline 0.005 -32"><span class='ocrx_word' id='word_1_144' title='bbox 266 1433 435 1495; x_wconf 87' lang='lat' dir='ltr'><strong>ritur,</strong></span> <span class='ocrx_word' id='word_1_145' title='bbox 467 1434 718 1496; x_wconf 81' lang='lat' dir='ltr'><strong>inventa3</strong></span> <span class='ocrx_word' id='word_1_146' title='bbox 752 1435 839 1489; x_wconf 90' lang='lat' dir='ltr'><strong>sed</strong></span> <span class='ocrx_word' id='word_1_147' title='bbox 871 1437 1170 1510; x_wconf 82' lang='lat' dir='ltr'><strong>priscorum</strong></span> <span class='ocrx_word' id='word_1_148' title='bbox 1197 1443 1459 1497; x_wconf 70' lang='lat' dir='ltr'><strong>fidelium</strong></span> <span class='ocrx_word' id='word_1_149' title='bbox 1493 1441 1668 1495; x_wconf 82' lang='lat' dir='ltr'><strong>sedula</strong></span> <span class='ocrx_word' id='word_1_150' title='bbox 1691 1461 1819 1496; x_wconf 89' lang='lat' dir='ltr'><strong>cura</strong></span> <span class='ocrx_word' id='word_1_151' title='bbox 1839 1482 1852 1503; x_wconf 90' lang='lat'>‚</span> <span class='ocrx_word' id='word_1_152' title='bbox 1886 1440 1992 1516; x_wconf 67' lang='lat' dir='ltr'><strong>qua</strong></span> <span class='ocrx_word' id='word_1_153' title='bbox 2020 1443 2269 1510; x_wconf 85' lang='lat' dir='ltr'><strong>ignaram</strong></span> 
     </span>
     <span class='ocr_line' id='line_1_18' title="bbox 257 1509 2270 1593; baseline 0.004 -31"><span class='ocrx_word' id='word_1_154' title='bbox 257 1509 624 1566; x_wconf 67' lang='lat' dir='ltr'><strong>Ecclefiasticae</strong></span> <span class='ocrx_word' id='word_1_155' title='bbox 663 1514 911 1571; x_wconf 78' lang='lat' dir='ltr'><strong>Historiae</strong></span> <span class='ocrx_word' id='word_1_156' title='bbox 949 1517 1165 1575; x_wconf 90' lang='lat' dir='ltr'><strong>Plebem</strong></span> <span class='ocrx_word' id='word_1_157' title='bbox 1205 1523 1425 1593; x_wconf 64' lang='lat' dir='ltr'><strong>picturis</strong></span> <span class='ocrx_word' id='word_1_158' title='bbox 1463 1521 1714 1574; x_wconf 84' lang='lat' dir='ltr'><strong>instruere</strong></span> <span class='ocrx_word' id='word_1_159' title='bbox 1752 1518 2056 1590; x_wconf 77' lang='lat' dir='ltr'><strong>satagebant</strong></span> <span class='ocrx_word' id='word_1_160' title='bbox 2079 1558 2093 1578; x_wconf 91' lang='lat'><strong>,</strong></span> <span class='ocrx_word' id='word_1_161' title='bbox 2131 1533 2188 1571; x_wconf 91' lang='lat' dir='ltr'><strong>ut</strong></span> <span class='ocrx_word' id='word_1_162' title='bbox 2211 1519 2270 1571; x_wconf 86' lang='lat' dir='ltr'><strong>il-</strong></span> 
     </span>
     <span class='ocr_line' id='line_1_19' title="bbox 255 1589 2270 1671; baseline 0.005 -31"><span class='ocrx_word' id='word_1_163' title='bbox 255 1589 307 1642; x_wconf 74' lang='lat' dir='ltr'><strong>ia</strong></span> <span class='ocrx_word' id='word_1_164' title='bbox 351 1589 657 1650; x_wconf 78' lang='lat' dir='ltr'><strong>mordicus,</strong></span> <span class='ocrx_word' id='word_1_165' title='bbox 697 1592 1031 1666; x_wconf 78' lang='lat' dir='ltr'><strong>tenaciusque</strong></span> <span class='ocrx_word' id='word_1_166' title='bbox 1071 1598 1124 1649; x_wconf 90' lang='lat' dir='ltr'><strong>in</strong></span> <span class='ocrx_word' id='word_1_167' title='bbox 1158 1615 1333 1653; x_wconf 89' lang='lat' dir='ltr'><strong>mente</strong></span> <span class='ocrx_word' id='word_1_168' title='bbox 1365 1601 1590 1653; x_wconf 86' lang='lat' dir='ltr'><strong>retinere</strong></span> <span class='ocrx_word' id='word_1_169' title='bbox 1620 1597 1781 1668; x_wconf 83' lang='lat' dir='ltr'><strong>posset</strong></span> <span class='ocrx_word' id='word_1_170' title='bbox 1805 1638 1819 1658; x_wconf 94' lang='lat'><strong>,</strong></span> <span class='ocrx_word' id='word_1_171' title='bbox 1859 1615 1979 1671; x_wconf 86' lang='lat' dir='ltr'><strong>quae</strong></span> <span class='ocrx_word' id='word_1_172' title='bbox 2010 1598 2122 1650; x_wconf 77' lang='lat' dir='ltr'><strong>tum</strong></span> <span class='ocrx_word' id='word_1_173' title='bbox 2145 1615 2270 1650; x_wconf 89' lang='lat' dir='ltr'><strong>ocu-</strong></span> 
     </span>
     <span class='ocr_line' id='line_1_20' title="bbox 255 1665 2269 1746; baseline 0.006 -29"><span class='ocrx_word' id='word_1_174' title='bbox 255 1665 324 1718; x_wconf 88' lang='lat' dir='ltr'><strong>lis</strong></span> <span class='ocrx_word' id='word_1_175' title='bbox 349 1703 364 1724; x_wconf 91' lang='lat'>‚</span> <span class='ocrx_word' id='word_1_176' title='bbox 400 1667 515 1719; x_wconf 76' lang='lat' dir='ltr'><strong>tum</strong></span> <span class='ocrx_word' id='word_1_177' title='bbox 558 1670 772 1721; x_wconf 88' lang='lat' dir='ltr'><strong>auribus</strong></span> <span class='ocrx_word' id='word_1_178' title='bbox 814 1674 880 1724; x_wconf 88' lang='lat' dir='ltr'><strong>ab</strong></span> <span class='ocrx_word' id='word_1_179' title='bbox 919 1673 1202 1742; x_wconf 79' lang='lat' dir='ltr'><strong>Evangelii</strong></span> <span class='ocrx_word' id='word_1_180' title='bbox 1236 1678 1571 1730; x_wconf 86' lang='lat' dir='ltr'><strong>Praeconibus</strong></span> <span class='ocrx_word' id='word_1_181' title='bbox 1613 1677 1907 1746; x_wconf 87' lang='lat' dir='ltr'><strong>perciperet</strong></span> <span class='ocrx_word' id='word_1_182' title='bbox 1941 1718 1951 1727; x_wconf 93' lang='lat'><em>.</em></span> <span class='ocrx_word' id='word_1_183' title='bbox 1991 1677 2045 1729; x_wconf 91' lang='lat' dir='ltr'><strong>Si</strong></span> <span class='ocrx_word' id='word_1_184' title='bbox 2083 1690 2269 1730; x_wconf 85' lang='lat' dir='ltr'><strong>autem</strong></span> 
     </span>
     <span class='ocr_line' id='line_1_21' title="bbox 255 1743 2263 1824; baseline 0.005 -29"><span class='ocrx_word' id='word_1_185' title='bbox 255 1743 307 1795; x_wconf 84' lang='lat' dir='ltr'><strong>in</strong></span> <span class='ocrx_word' id='word_1_186' title='bbox 346 1744 526 1799; x_wconf 89' lang='lat' dir='ltr'><strong>Prima</strong></span> <span class='ocrx_word' id='word_1_187' title='bbox 554 1745 821 1799; x_wconf 88' lang='lat' dir='ltr'><strong>Veterum</strong></span> <span class='ocrx_word' id='word_1_188' title='bbox 857 1750 1320 1807; x_wconf 88' lang='lat' dir='ltr'><strong>Monimentorum</strong></span> <span class='ocrx_word' id='word_1_189' title='bbox 1363 1768 1514 1824; x_wconf 88' lang='lat' dir='ltr'><strong>parte</strong></span> <span class='ocrx_word' id='word_1_190' title='bbox 1544 1752 1760 1805; x_wconf 84' lang='lat' dir='ltr'><strong>Mufiva</strong></span> <span class='ocrx_word' id='word_1_191' title='bbox 1794 1752 1962 1812; x_wconf 82' lang='lat' dir='ltr'><strong>multa</strong></span> <span class='ocrx_word' id='word_1_192' title='bbox 2000 1753 2029 1804; x_wconf 74' lang='lat' dir='ltr'><strong>a</strong></span> <span class='ocrx_word' id='word_1_193' title='bbox 2064 1753 2263 1807; x_wconf 86' lang='lat' dir='ltr'><strong>Christi</strong></span> 
     </span>
     <span class='ocr_line' id='line_1_22' title="bbox 256 1820 2261 1901; baseline 0.009 -28"><span class='ocrx_word' id='word_1_194' title='bbox 256 1820 554 1875; x_wconf 80' lang='lat' dir='ltr'><strong>Nativitate</strong></span> <span class='ocrx_word' id='word_1_195' title='bbox 592 1822 661 1875; x_wconf 85' lang='lat' dir='ltr'><strong>ad</strong></span> <span class='ocrx_word' id='word_1_196' title='bbox 695 1825 761 1876; x_wconf 83' lang='lat' dir='ltr'><strong>V.</strong></span> <span class='ocrx_word' id='word_1_197' title='bbox 803 1826 1065 1880; x_wconf 75' lang='lat' dir='ltr'><strong>Saeculum</strong></span> <span class='ocrx_word' id='word_1_198' title='bbox 1106 1832 1400 1887; x_wconf 64' lang='lat' dir='ltr'><strong>constructa</strong></span> <span class='ocrx_word' id='word_1_199' title='bbox 1442 1827 1662 1901; x_wconf 83' lang='lat' dir='ltr'><strong>exposui</strong></span> <span class='ocrx_word' id='word_1_200' title='bbox 1707 1830 1760 1882; x_wconf 85' lang='lat'>&amp;</span> <span class='ocrx_word' id='word_1_201' title='bbox 1804 1830 2068 1900; x_wconf 72' lang='lat' dir='ltr'><strong>explicavi</strong></span> <span class='ocrx_word' id='word_1_202' title='bbox 2106 1857 2122 1890; x_wconf 82' lang='lat'><em>3</em></span> <span class='ocrx_word' id='word_1_203' title='bbox 2167 1833 2261 1883; x_wconf 49' lang='lat' dir='ltr'><strong>ish</strong></span> 
     </span>
     <span class='ocr_line' id='line_1_23' title="bbox 256 1899 2262 1979; baseline 0.005 -28"><span class='ocrx_word' id='word_1_204' title='bbox 256 1899 357 1951; x_wconf 87' lang='lat' dir='ltr'><strong>hac</strong></span> <span class='ocrx_word' id='word_1_205' title='bbox 403 1899 640 1955; x_wconf 85' lang='lat' dir='ltr'><strong>Secunda</strong></span> <span class='ocrx_word' id='word_1_206' title='bbox 678 1918 922 1974; x_wconf 87' lang='lat' dir='ltr'><strong>propono</strong></span> <span class='ocrx_word' id='word_1_207' title='bbox 964 1905 1065 1960; x_wconf 85' lang='lat' dir='ltr'><strong>alia</strong></span> <span class='ocrx_word' id='word_1_208' title='bbox 1119 1909 1336 1964; x_wconf 86' lang='lat' dir='ltr'><strong>Mufiva</strong></span> <span class='ocrx_word' id='word_1_209' title='bbox 1370 1948 1385 1970; x_wconf 88' lang='lat'><em>‚</em></span> <span class='ocrx_word' id='word_1_210' title='bbox 1438 1907 1648 1965; x_wconf 86' lang='lat' dir='ltr'><strong>servato</strong></span> <span class='ocrx_word' id='word_1_211' title='bbox 1699 1909 1955 1979; x_wconf 89' lang='lat' dir='ltr'><strong>temporis</strong></span> <span class='ocrx_word' id='word_1_212' title='bbox 2006 1907 2262 1968; x_wconf 55' lang='lat' dir='ltr'><strong>ordinQ,</strong></span> 
     </span>
     <span class='ocr_line' id='line_1_24' title="bbox 254 1976 2262 2060; baseline 0.006 -32"><span class='ocrx_word' id='word_1_213' title='bbox 254 1978 492 2049; x_wconf 80' lang='lat' dir='ltr'><strong>quinque</strong></span> <span class='ocrx_word' id='word_1_214' title='bbox 528 1976 726 2033; x_wconf 82' lang='lat' dir='ltr'><strong>saeculis</strong></span> <span class='ocrx_word' id='word_1_215' title='bbox 759 1979 1092 2055; x_wconf 85' lang='lat' dir='ltr'><strong>sequentibus</strong></span> <span class='ocrx_word' id='word_1_216' title='bbox 1134 2025 1149 2046; x_wconf 91' lang='lat'><strong>,</strong></span> <span class='ocrx_word' id='word_1_217' title='bbox 1181 2007 1370 2060; x_wconf 84' lang='lat' dir='ltr'><strong>nempe</strong></span> <span class='ocrx_word' id='word_1_218' title='bbox 1407 2004 1437 2038; x_wconf 86' lang='lat' dir='ltr'><strong>a</strong></span> <span class='ocrx_word' id='word_1_219' title='bbox 1479 1984 1629 2039; x_wconf 88' lang='lat' dir='ltr'><strong>sexto</strong></span> <span class='ocrx_word' id='word_1_220' title='bbox 1670 1985 1829 2060; x_wconf 91' lang='lat' dir='ltr'><strong>usque</strong></span> <span class='ocrx_word' id='word_1_221' title='bbox 1880 1985 1947 2040; x_wconf 88' lang='lat' dir='ltr'><strong>ad</strong></span> <span class='ocrx_word' id='word_1_222' title='bbox 1991 1985 2262 2040; x_wconf 86' lang='lat' dir='ltr'><strong>decimum</strong></span> 
     </span>
     <span class='ocr_line' id='line_1_25' title="bbox 252 2053 2261 2137; baseline 0.006 -31"><span class='ocrx_word' id='word_1_223' title='bbox 252 2053 508 2108; x_wconf 77' lang='lat' dir='ltr'><strong>inclusive</strong></span> <span class='ocrx_word' id='word_1_224' title='bbox 546 2092 563 2115; x_wconf 88' lang='lat'><strong>,</strong></span> <span class='ocrx_word' id='word_1_225' title='bbox 598 2055 830 2112; x_wconf 86' lang='lat' dir='ltr'><strong>formata</strong></span> <span class='ocrx_word' id='word_1_226' title='bbox 866 2101 876 2111; x_wconf 90' lang='lat'><strong>.</strong></span> <span class='ocrx_word' id='word_1_227' title='bbox 921 2062 1080 2134; x_wconf 79' lang='lat' dir='ltr'><strong>Qud</strong></span> <span class='ocrx_word' id='word_1_228' title='bbox 1117 2063 1155 2118; x_wconf 89' lang='lat' dir='ltr'>fi</span> <span class='ocrx_word' id='word_1_229' title='bbox 1208 2067 1423 2121; x_wconf 86' lang='lat' dir='ltr'><strong>Divinae</strong></span> <span class='ocrx_word' id='word_1_230' title='bbox 1475 2063 1734 2136; x_wconf 88' lang='lat' dir='ltr'><strong>placuerit</strong></span> <span class='ocrx_word' id='word_1_231' title='bbox 1776 2062 2094 2132; x_wconf 72' lang='lat' dir='ltr'><strong>Majestati&#39;,</strong></span> <span class='ocrx_word' id='word_1_232' title='bbox 2137 2082 2261 2137; x_wconf 84' lang='lat' dir='ltr'><strong>quae</strong></span> 
     </span>
     <span class='ocr_line' id='line_1_26' title="bbox 252 2134 2256 2214; baseline 0.007 -31"><span class='ocrx_word' id='word_1_233' title='bbox 252 2134 517 2185; x_wconf 89' lang='lat' dir='ltr'><strong>bonorum</strong></span> <span class='ocrx_word' id='word_1_234' title='bbox 558 2150 786 2205; x_wconf 89' lang='lat' dir='ltr'><strong>operum</strong></span> <span class='ocrx_word' id='word_1_235' title='bbox 828 2136 898 2189; x_wconf 90' lang='lat' dir='ltr'><strong>est</strong></span> <span class='ocrx_word' id='word_1_236' title='bbox 937 2140 1149 2194; x_wconf 62' lang='lat' dir='ltr'><strong>audirix</strong></span> <span class='ocrx_word' id='word_1_237' title='bbox 1173 2182 1188 2202; x_wconf 90' lang='lat'><em>‚</em></span> <span class='ocrx_word' id='word_1_238' title='bbox 1231 2162 1408 2198; x_wconf 87' lang='lat' dir='ltr'><strong>meam</strong></span> <span class='ocrx_word' id='word_1_239' title='bbox 1445 2159 1741 2214; x_wconf 84' lang='lat' dir='ltr'><strong>prorogare</strong></span> <span class='ocrx_word' id='word_1_240' title='bbox 1773 2159 1897 2195; x_wconf 86' lang='lat' dir='ltr'><strong>cum</strong></span> <span class='ocrx_word' id='word_1_241' title='bbox 1940 2143 2077 2195; x_wconf 88' lang='lat' dir='ltr'><strong>bona</strong></span> <span class='ocrx_word' id='word_1_242' title='bbox 2122 2143 2256 2197; x_wconf 68' lang='lat' dir='ltr'><strong>vale⁴</strong></span> 
     </span>
     <span class='ocr_line' id='line_1_27' title="bbox 250 2208 2258 2294; baseline 0.005 -30"><span class='ocrx_word' id='word_1_243' title='bbox 250 2208 432 2264; x_wconf 90' lang='lat' dir='ltr'><strong>tudine</strong></span> <span class='ocrx_word' id='word_1_244' title='bbox 459 2211 675 2271; x_wconf 81' lang='lat' dir='ltr'><strong>vitam3</strong></span> <span class='ocrx_word' id='word_1_245' title='bbox 720 2211 937 2268; x_wconf 87' lang='lat' dir='ltr'><strong>Mufiva</strong></span> <span class='ocrx_word' id='word_1_246' title='bbox 967 2231 1161 2271; x_wconf 81' lang='lat' dir='ltr'><strong>caetera</strong></span> <span class='ocrx_word' id='word_1_247' title='bbox 1202 2221 1516 2276; x_wconf 78' lang='lat' dir='ltr'><strong>saeculorum</strong></span> <span class='ocrx_word' id='word_1_248' title='bbox 1549 2218 1969 2294; x_wconf 88' lang='lat' dir='ltr'><strong>subsequentium</strong></span> <span class='ocrx_word' id='word_1_249' title='bbox 1994 2257 2010 2279; x_wconf 86' lang='lat'><em>‚</em></span> <span class='ocrx_word' id='word_1_250' title='bbox 2053 2219 2258 2293; x_wconf 71' lang='lat' dir='ltr'><strong>usque-</strong></span> 
     </span>
     <span class='ocr_line' id='line_1_28' title="bbox 249 2286 2252 2366; baseline 0.008 -24"><span class='ocrx_word' id='word_1_251' title='bbox 249 2286 321 2342; x_wconf 81' lang='lat' dir='ltr'><strong>ad</strong></span> <span class='ocrx_word' id='word_1_252' title='bbox 352 2301 526 2341; x_wconf 88' lang='lat' dir='ltr'><strong>totum</strong></span> <span class='ocrx_word' id='word_1_253' title='bbox 558 2287 829 2344; x_wconf 88' lang='lat' dir='ltr'><strong>decimum</strong></span> <span class='ocrx_word' id='word_1_254' title='bbox 859 2293 1108 2366; x_wconf 89' lang='lat' dir='ltr'><strong>quintum</strong></span> <span class='ocrx_word' id='word_1_255' title='bbox 1146 2298 1438 2354; x_wconf 85' lang='lat' dir='ltr'><strong>describam</strong></span> <span class='ocrx_word' id='word_1_256' title='bbox 1471 2337 1481 2348; x_wconf 87' lang='lat'><strong>·</strong></span> <span class='ocrx_word' id='word_1_257' title='bbox 1528 2298 1670 2351; x_wconf 86' lang='lat' dir='ltr'><strong>Huic</strong></span> <span class='ocrx_word' id='word_1_258' title='bbox 1709 2298 1896 2351; x_wconf 81' lang='lat' dir='ltr'><strong>deinde</strong></span> <span class='ocrx_word' id='word_1_259' title='bbox 1936 2301 2252 2354; x_wconf 57' lang='lat' dir='ltr'><strong>anneRCrQ</strong></span> 
     </span>
     <span class='ocr_line' id='line_1_29' title="bbox 248 2365 2259 2450; baseline 0.006 -32"><span class='ocrx_word' id='word_1_260' title='bbox 248 2365 428 2434; x_wconf 87' lang='lat' dir='ltr'><strong>cogito</strong></span> <span class='ocrx_word' id='word_1_261' title='bbox 470 2365 614 2419; x_wconf 82' lang='lat' dir='ltr'><strong>aliud</strong></span> <span class='ocrx_word' id='word_1_262' title='bbox 644 2369 798 2438; x_wconf 86' lang='lat' dir='ltr'><strong>Opus</strong></span> <span class='ocrx_word' id='word_1_263' title='bbox 825 2407 841 2427; x_wconf 91' lang='lat'>‚</span> <span class='ocrx_word' id='word_1_264' title='bbox 884 2370 1163 2430; x_wconf 76' lang='lat' dir='ltr'><strong>videlicet:</strong></span> <span class='ocrx_word' id='word_1_265' title='bbox 1209 2383 1276 2430; x_wconf 83' lang='lat' dir='ltr'><strong>De</strong></span> <span class='ocrx_word' id='word_1_266' title='bbox 1321 2382 1482 2431; x_wconf 72' lang='lat' dir='ltr'><strong>Sacris</strong></span> <span class='ocrx_word' id='word_1_267' title='bbox 1516 2374 1888 2450; x_wconf 75' lang='lat' dir='ltr'><strong>Antiquioribus</strong></span> <span class='ocrx_word' id='word_1_268' title='bbox 1925 2376 2139 2450; x_wconf 77' lang='lat' dir='ltr'><strong>Mnstvis</strong></span> <span class='ocrx_word' id='word_1_269' title='bbox 2175 2376 2259 2430; x_wconf 82' lang='lat' dir='ltr'><strong>ad·</strong></span> 
     </span>
     <span class='ocr_line' id='line_1_30' title="bbox 248 2441 2254 2529; baseline 0.006 -33"><span class='ocrx_word' id='word_1_270' title='bbox 248 2442 338 2496; x_wconf 79' lang='lat' dir='ltr'><strong>huc</strong></span> <span class='ocrx_word' id='word_1_271' title='bbox 387 2441 671 2497; x_wconf 75' lang='lat' dir='ltr'><strong>extantibus</strong></span> <span class='ocrx_word' id='word_1_272' title='bbox 708 2482 723 2503; x_wconf 89' lang='lat'><strong>,</strong></span> <span class='ocrx_word' id='word_1_273' title='bbox 766 2465 968 2519; x_wconf 75' lang='lat' dir='ltr'><strong>quornm</strong></span> <span class='ocrx_word' id='word_1_274' title='bbox 1019 2454 1380 2522; x_wconf 65' lang='lat' dir='ltr'><strong>construftsonis</strong></span> <span class='ocrx_word' id='word_1_275' title='bbox 1416 2470 1602 2525; x_wconf 76' lang='lat' dir='ltr'><strong>tempus</strong></span> <span class='ocrx_word' id='word_1_276' title='bbox 1641 2475 1735 2507; x_wconf 88' lang='lat' dir='ltr'><strong>non</strong></span> <span class='ocrx_word' id='word_1_277' title='bbox 1766 2452 2014 2529; x_wconf 75' lang='lat' dir='ltr'><strong>innotescit</strong></span> <span class='ocrx_word' id='word_1_278' title='bbox 2057 2495 2067 2505; x_wconf 94' lang='lat'><em>.</em></span> <span class='ocrx_word' id='word_1_279' title='bbox 2111 2457 2254 2509; x_wconf 88' lang='lat' dir='ltr'><strong>Prae-</strong></span> 
     </span>
     <span class='ocr_line' id='line_1_31' title="bbox 249 2521 2259 2604; baseline 0.005 -30"><span class='ocrx_word' id='word_1_280' title='bbox 249 2522 395 2574; x_wconf 69' lang='lat' dir='ltr'><strong>terea</strong></span> <span class='ocrx_word' id='word_1_281' title='bbox 437 2521 559 2574; x_wconf 90' lang='lat' dir='ltr'><strong>huic</strong></span> <span class='ocrx_word' id='word_1_282' title='bbox 598 2521 793 2576; x_wconf 87' lang='lat' dir='ltr'><strong>addere</strong></span> <span class='ocrx_word' id='word_1_283' title='bbox 839 2524 1059 2596; x_wconf 74' lang='lat' dir='ltr'><strong>designo</strong></span> <span class='ocrx_word' id='word_1_284' title='bbox 1094 2531 1528 2587; x_wconf 85' lang='lat' dir='ltr'><strong>Dissertationem</strong></span> <span class='ocrx_word' id='word_1_285' title='bbox 1567 2536 1637 2583; x_wconf 86' lang='lat' dir='ltr'><strong>De</strong></span> <span class='ocrx_word' id='word_1_286' title='bbox 1669 2535 1928 2585; x_wconf 70' lang='lat' dir='ltr'><strong>sacrarum</strong></span> <span class='ocrx_word' id='word_1_287' title='bbox 1970 2535 2259 2604; x_wconf 73' lang='lat' dir='ltr'><strong>Imaginmn</strong></span> 
     </span>
     <span class='ocr_line' id='line_1_32' title="bbox 246 2597 2259 2683; baseline 0.005 -31"><span class='ocrx_word' id='word_1_288' title='bbox 246 2597 331 2673; x_wconf 75' lang='lat' dir='ltr'><strong>usn</strong></span> <span class='ocrx_word' id='word_1_289' title='bbox 360 2637 375 2657; x_wconf 93' lang='lat'><strong>,</strong></span> <span class='ocrx_word' id='word_1_290' title='bbox 434 2599 723 2674; x_wconf 71' lang='lat' dir='ltr'><strong>illarumque</strong></span> <span class='ocrx_word' id='word_1_291' title='bbox 756 2615 1068 2660; x_wconf 73' lang='lat' dir='ltr'><strong>veneratione</strong></span> <span class='ocrx_word' id='word_1_292' title='bbox 1098 2647 1114 2671; x_wconf 95' lang='lat'><strong>,</strong></span> <span class='ocrx_word' id='word_1_293' title='bbox 1171 2612 1274 2683; x_wconf 75' lang='lat' dir='ltr'><strong>qua</strong></span> <span class='ocrx_word' id='word_1_294' title='bbox 1324 2610 1620 2664; x_wconf 81' lang='lat' dir='ltr'><strong>rationibus</strong></span> <span class='ocrx_word' id='word_1_295' title='bbox 1655 2646 1670 2667; x_wconf 91' lang='lat'><strong>,</strong></span> <span class='ocrx_word' id='word_1_296' title='bbox 1727 2610 1835 2683; x_wconf 74' lang='lat' dir='ltr'><strong>qua</strong></span> <span class='ocrx_word' id='word_1_297' title='bbox 1875 2611 2138 2682; x_wconf 82' lang='lat' dir='ltr'><strong>exemplis</strong></span> <span class='ocrx_word' id='word_1_298' title='bbox 2173 2609 2259 2662; x_wconf 86' lang='lat' dir='ltr'><strong>de·-</strong></span> 
     </span>
     <span class='ocr_line' id='line_1_33' title="bbox 247 2675 2260 2760; baseline 0.006 -32"><span class='ocrx_word' id='word_1_299' title='bbox 247 2675 615 2732; x_wconf 62' lang='lat' dir='ltr'><strong>monstranda.</strong></span> <span class='ocrx_word' id='word_1_300' title='bbox 659 2677 932 2735; x_wconf 86' lang='lat' dir='ltr'><strong>Alienatos</strong></span> <span class='ocrx_word' id='word_1_301' title='bbox 968 2682 1159 2740; x_wconf 89' lang='lat' dir='ltr'><strong>fratres</strong></span> <span class='ocrx_word' id='word_1_302' title='bbox 1187 2728 1201 2748; x_wconf 90' lang='lat'><strong>,</strong></span> <span class='ocrx_word' id='word_1_303' title='bbox 1233 2688 1415 2760; x_wconf 77' lang='lat' dir='ltr'><strong>utpote</strong></span> <span class='ocrx_word' id='word_1_304' title='bbox 1437 2687 1577 2741; x_wconf 88' lang='lat' dir='ltr'><strong>circa</strong></span> <span class='ocrx_word' id='word_1_305' title='bbox 1609 2688 1752 2741; x_wconf 66' lang='lat' dir='ltr'><strong>recta</strong></span> <span class='ocrx_word' id='word_1_306' title='bbox 1774 2689 2035 2760; x_wconf 86' lang='lat' dir='ltr'><strong>principia</strong></span> <span class='ocrx_word' id='word_1_307' title='bbox 2073 2685 2260 2740; x_wconf 86' lang='lat' dir='ltr'><strong>discor-</strong></span> 
     </span>
     <span class='ocr_line' id='line_1_34' title="bbox 249 2753 2256 2836; baseline 0.006 -31"><span class='ocrx_word' id='word_1_308' title='bbox 249 2753 476 2814; x_wconf 83' lang='lat' dir='ltr'><strong>dantes,</strong></span> <span class='ocrx_word' id='word_1_309' title='bbox 518 2755 807 2810; x_wconf 89' lang='lat' dir='ltr'><strong>rationibus</strong></span> <span class='ocrx_word' id='word_1_310' title='bbox 855 2758 1176 2834; x_wconf 88' lang='lat' dir='ltr'><strong>adstringere</strong></span> <span class='ocrx_word' id='word_1_311' title='bbox 1219 2765 1410 2820; x_wconf 80' lang='lat' dir='ltr'><strong>frustra</strong></span> <span class='ocrx_word' id='word_1_312' title='bbox 1452 2762 1689 2836; x_wconf 88' lang='lat' dir='ltr'><strong>speratur</strong></span> <span class='ocrx_word' id='word_1_313' title='bbox 1731 2792 1743 2830; x_wconf 65' lang='grc' dir='ltr'><strong><em>ς</em></strong></span> <span class='ocrx_word' id='word_1_314' title='bbox 1786 2765 2157 2822; x_wconf 75' lang='lat' dir='ltr'><strong>commodius,</strong></span> <span class='ocrx_word' id='word_1_315' title='bbox 2201 2766 2256 2818; x_wconf 59' lang='grc' dir='ltr'><strong>ὃς</strong></span> 
     </span>
     <span class='ocr_line' id='line_1_35' title="bbox 247 2832 2254 2916; baseline 0.008 -33"><span class='ocrx_word' id='word_1_316' title='bbox 247 2832 412 2885; x_wconf 82' lang='lat' dir='ltr'><strong>tutius</strong></span> <span class='ocrx_word' id='word_1_317' title='bbox 452 2832 520 2886; x_wconf 90' lang='lat' dir='ltr'><strong>est</strong></span> <span class='ocrx_word' id='word_1_318' title='bbox 543 2872 558 2892; x_wconf 88' lang='lat'><strong>,</strong></span> <span class='ocrx_word' id='word_1_319' title='bbox 591 2836 912 2890; x_wconf 81' lang='lat' dir='ltr'><strong>examinatis</strong></span> <span class='ocrx_word' id='word_1_320' title='bbox 961 2844 1232 2898; x_wconf 89' lang='lat' dir='ltr'><strong>eventibus</strong></span> <span class='ocrx_word' id='word_1_321' title='bbox 1258 2883 1272 2904; x_wconf 92' lang='lat'><strong>,</strong></span> <span class='ocrx_word' id='word_1_322' title='bbox 1305 2841 1561 2916; x_wconf 71' lang='lat' dir='ltr'><strong>fastisque</strong></span> <span class='ocrx_word' id='word_1_323' title='bbox 1597 2857 1719 2897; x_wconf 88' lang='lat' dir='ltr'><strong>ante</strong></span> <span class='ocrx_word' id='word_1_324' title='bbox 1760 2844 1939 2899; x_wconf 89' lang='lat' dir='ltr'><strong>oculos</strong></span> <span class='ocrx_word' id='word_1_325' title='bbox 1975 2841 2213 2912; x_wconf 64' lang='lat' dir='ltr'><strong>subjectis</strong></span> <span class='ocrx_word' id='word_1_326' title='bbox 2236 2882 2254 2903; x_wconf 90' lang='lat'>‚</span> 
     </span>
     <span class='ocr_line' id='line_1_36' title="bbox 251 2910 1752 2996; baseline 0.009 -34"><span class='ocrx_word' id='word_1_327' title='bbox 251 2910 690 2982; x_wconf 84' lang='lat' dir='ltr'><strong>inexpugnabiles</strong></span> <span class='ocrx_word' id='word_1_328' title='bbox 727 2916 1070 2979; x_wconf 86' lang='lat' dir='ltr'><strong>convincere,</strong></span> <span class='ocrx_word' id='word_1_329' title='bbox 1112 2922 1166 2974; x_wconf 74' lang='grc' dir='ltr'><strong>ὅ(</strong></span> <span class='ocrx_word' id='word_1_330' title='bbox 1195 2939 1541 2996; x_wconf 84' lang='lat' dir='ltr'><strong>expugnare.</strong></span> <span class='ocrx_word' id='word_1_331' title='bbox 1585 2920 1752 2976; x_wconf 86' lang='lat' dir='ltr'><strong>Vale.</strong></span> 
     </span>
    </p>
   </div>
   <div class='ocr_carea' id='block_1_2' title="bbox 2033 3233 2252 3286">
    <p class='ocr_par' dir='ltr' id='par_1_3' title="bbox 2033 3233 2252 3286">
     <span class='ocr_line' id='line_1_37' title="bbox 2033 3233 2252 3286; baseline -0.018 -3"><span class='ocrx_word' id='word_1_332' title='bbox 2033 3233 2252 3286; x_wconf 83' lang='lat' dir='ltr'>INDEX</span> 
     </span>
    </p>
   </div>
  </div>
 </body>
</html>
