2378 3674
304 292 395 346 138

473 417 838 474 CAPVT
919 420 1064 469 XIV.

362 563 430 615 De
459 559 639 628 Ecclesta
658 559 704 609 S·
724 557 955 609 Laurentii
974 563 1023 608 in
1051 559 1172 611 Pane

638 632 693 680 (T
720 630 861 681 Perna
879 665 889 675 .

403 768 599 819 Celefiis
642 766 960 835 superioribus
990 804 1006 824 ,
1058 767 1117 817 de
1141 782 1255 831 qua-

413 858 519 888 rum
545 838 807 888 Fundatore
827 836 1072 887 dubitatur
1090 874 1105 896 ‚
1141 836 1257 882 hanc

280 912 424 958 etiam
444 910 612 973 adjicit
629 909 898 957 Pancirolus
916 909 961 955 in
983 911 1152 975 Reg.2.
1177 907 1259 954 Ec-

276 977 383 1027 cles.
413 986 499 1044 48.
534 980 615 1046 qui
644 979 718 1046 pie
748 976 932 1036 credit,
969 996 1072 1026 eam
1106 996 1130 1023 a
1153 978 1257 1024 Ma·

274 1067 365 1116 gno
383 1048 691 1099 Constantino
711 1047 990 1097 aedificatam
1011 1045 1147 1116 supra
1165 1062 1261 1093 mc·

230 1166 232 1169 .
274 1121 480 1168 moriam
496 1120 730 1185 Martyrii
750 1117 959 1183 ejusdem
979 1118 1255 1182 Sanffl‚quae

276 1186 430 1263 postea
469 1189 698 1257 Cappella
739 1190 882 1237 Furni
914 1189 1256 1236 denominatam

271 1261 364 1306 tuit
387 1295 397 1306 .
448 1264 549 1310 Cur
574 1272 736 1307 autem
768 1259 814 1305 in
845 1259 962 1306 Pane
990 1260 1038 1308 &
1069 1258 1254 1305 Perna„

273 1326 419 1377 fueri-t
436 1329 669 1399 appellata
688 1364 705 1388 ‚
742 1326 777 1376 fi
800 1327 944 1377 verba
962 1327 1051 1378 sint
1065 1363 1080 1385 ‚
1100 1329 1169 1374 uti
1190 1324 1256 1374 so-

276 1411 416 1458 nant,
435 1397 786 1467 interpretanda
805 1433 820 1455 ,
836 1411 1032 1464 utraque
1053 1415 1149 1445 vox
1170 1398 1254 1443 La-

275 1469 433 1516 tinum
465 1471 653 1519 callenti
686 1468 951 1516 sermonem
985 1468 1256 1515 nullatenus

276 1537 341 1587 est
359 1540 536 1607 ignota,
557 1540 685 1606 panis
699 1538 957 1607 praecipue,
978 1556 1120 1606 perna
1138 1535 1255 1586 vero

276 1624 380 1655 eam
415 1610 516 1657 Suis
547 1622 730 1676 partem
748 1604 975 1676 fignificat
990 1643 1005 1666 ,
1023 1618 1123 1674 quae
1141 1625 1259 1656 coxa

277 1676 480 1736 dicitur,
498 1680 546 1729 ὅ(
564 1693 665 1725 tum
684 1678 800 1728 hanc
813 1677 1259 1727 denominationem

278 1746 584 1815 accipit‚cum
605 1766 629 1793 a
647 1750 737 1797 Sue
755 1745 942 1796 dissecta
958 1746 1095 1805 est,ac
1113 1765 1171 1796 ne
1190 1761 1260 1793 ta-

278 1814 434 1867 bescat
447 1853 463 1876 ,
482 1831 621 1885 atque
638 1815 733 1865 esui
751 1819 903 1885 aptior
922 1814 978 1865 fit
993 1853 1009 1876 ,
1040 1815 1262 1866 conditur

280 1883 372 1936 sale
387 1922 397 1934 .
418 1890 535 1938 Haec
554 1902 714 1937 autem
731 1887 1057 1936 denominatio
1074 1922 1090 1945 ,
1107 1885 1258 1934 curm,

278 1958 376 2016 ejus
393 1958 528 2023 origo
545 1959 789 2025 ignoretur
806 1992 821 2014 ‚
852 1955 968 2004 dura
992 1956 1150 2005 videri
1178 1975 1261 2023 po·

278 2023 395 2072 test.
429 2025 544 2076 Ideo
573 2027 839 2076 Pancirolus
873 2027 938 2073 ait
954 2061 970 2084 ,
1009 2028 1260 2074 nonnullos

278 2092 574 2153 existimasse,
593 2113 686 2144 non
702 2097 830 2144 Panis
847 2096 1019 2154 Pernae,
1031 2094 1110 2145 sed
1123 2097 1257 2143 Pani-

277 2161 441 2232 sperna
455 2183 512 2214 ex
528 2166 771 2229 cujusdam
789 2167 995 2215 Familiae
1010 2166 1259 2234 cognomi-

277 2240 335 2282 ne
352 2236 612 2285 vocitatam
638 2233 769 2285 fuisse
786 2271 796 2282 .
828 2238 883 2284 In
901 2234 1120 2302 ‘Raspono
1140 2235 1256 2284 vero

278 2301 413 2360 lib.3.
431 2323 585 2374 cap.4.
606 2303 693 2354 suae
712 2304 1030 2357 Lateranenfis
1051 2303 1256 2356 Bafilicae

278 2386 479 2421 vocatur
503 2377 638 2424 Panis
655 2411 670 2432 ‚
709 2377 758 2426 ὃς
777 2377 935 2424 Perna:
953 2413 964 2423 .

363 2442 507 2491 Portu
540 2449 697 2494 Frater
726 2443 993 2494 Franciscus
1028 2449 1257 2512 Gonzaga

280 2513 328 2559 in
373 2513 591 2563 Historia
642 2514 699 2561 de
752 2516 933 2582 origine
990 2517 1255 2582 Religionis

279 2581 588 2633 Franciscanae
613 2597 730 2651 part.
753 2603 797 2631 2.
827 2588 874 2632 in
891 2587 1140 2634 Provincia
1158 2588 1255 2632 Ro-

279 2653 414 2701 mana
429 2652 632 2703 Monast.
666 2672 710 2701 2.
736 2660 834 2717 ejus
859 2654 1260 2704 denominationis

279 2724 511 2790 originem
536 2721 597 2772 fic
613 2725 832 2791 exponit:
863 2722 921 2774 In
937 2727 1073 2774 altera
1088 2724 1252 2792 Exqui-

280 2794 383 2849 lini,
400 2795 662 2863 Bifidatique
694 2793 879 2844 Montis
888 2810 1013 2860 parte
1028 2830 1044 2852 ,
1071 2799 1145 2863 qui
1173 2812 1254 2842 non

279 2863 414 2930 ipsam
438 2880 629 2914 naturam
642 2899 658 2922 ,
680 2865 766 2933 fid
794 2863 967 2915 Tullum
1014 2865 1256 2915 Hostilium

281 2933 565 2984 Romanorum
600 2937 761 3004 Regem
776 2934 856 3003 <st
867 2935 969 2985 Tito
999 2935 1145 2985 Livio
1177 2953 1254 2985 au·

281 3007 345 3050 ris
381 3007 728 3054 accommodanda
743 3011 934 3067 veniat)
949 3008 1026 3074 firi
1050 3005 1258 3056 aubiorem

281 3072 448 3131 habuit,
465 3074 551 3124 vbi
569 3075 843 3141 Olympiades
864 3076 1055 3126 Thermae
1072 3112 1088 3133 ,
1107 3095 1190 3144 quae
1203 3086 1257 3126 (9¹

284 3142 333 3187 ab
379 3145 592 3210 aliquibus
640 3145 907 3194 Novatianae
950 3145 1073 3194 diffie
1111 3148 1220 3215 fient
1240 3182 1256 3203 ,

284 3212 577 3283 Apolli-nisque
607 3213 828 3278 Templum
848 3250 862 3271 ‚
887 3232 932 3262 ac
961 3215 1091 3264 Decii
1117 3214 1257 3279 Impe-

280 3285 433 3330 ratoris
473 3285 690 3333 Palatium
722 3290 1046 3350 praeextiterant
1078 3320 1094 3343 2
1141 3286 1256 3335 stre·

679 282 799 335 DE
880 276 1280 330 SACRIS
1368 273 1986 329 AEDIFICIIS

1308 348 1490 415 unusque
1508 347 1687 397 Christi
1703 347 1888 399 Athleta
1921 349 2179 398 Laurentius
2193 382 2209 405 ‚
2231 353 2278 397 in

1307 418 1514 466 craticula
1523 416 1677 485 fftus
1694 450 1709 471 ,
1728 419 1907 488 glorioso
1925 418 1990 470 M
1991 424 2155 493 artyrio
2169 437 2279 466 coro-

1309 503 1433 536 natus
1431 483 1531 553 fitit
1550 522 1565 543 ,
1597 485 1780 553 Ecclesta
1796 490 1978 555 quaedam
1994 495 2042 538 in
2058 492 2278 558 ejusdem

1305 557 1458 606 Sanft'i
1492 555 1720 624 Martyris
1756 558 1954 606 honorem
1985 575 2010 605 a
2057 558 2279 610 fidelibus

1307 629 1346 678 C
1347 627 1585 677 hristianis
1603 627 1847 678 construc‘la
1863 630 1931 678 eft
1946 663 1956 674 .
1984 627 2097 702 Qae
2111 630 2283 678 tandem

1310 715 1334 744 a
1350 697 1644 767 Langobardi-s·
1673 699 1822 761 poflea
1840 699 1900 747 ad
1912 715 2071 747 terram
2087 698 2247 762 dejesta
2266 735 2280 755 ,

1312 785 1337 815 a
1357 768 1616 834 pientiffimo
1659 770 1834 836 quodam
1876 769 1910 818 S
1912 769 2050 817 amulo
2094 768 2142 818 H
2147 768 2281 837 utfino

1309 837 1561 899 Presbytero
1578 873 1593 894 ,
1604 838 1686 903 sub
1697 839 1835 888 eodem
1846 840 2017 906 prorsus
2030 840 2174 895 titulo,
2188 857 2283 886 reae-

1311 907 1489 977 distenta
1506 912 1661 956 extitit
1676 933 1697 966 ‚·
1723 914 1790 957 cui
1807 914 1861 960 (J
1890 911 2029 960 Panis
2048 910 2193 959 Pernae
2217 926 2284 955 co—

1306 995 1487 1044 gnomen
1505 993 1529 1024 a
1533 978 1733 1045 sequenti
1757 997 1922 1028 eventu
1941 983 2092 1029 evenit
2108 1012 2119 1023 .
2147 977 2284 1027 Labo-

1309 1046 1432 1097 rabat
1444 1049 1688 1116 siquidem,
1721 1050 1820 1097 dum
1845 1049 1958 1113 ffirte
1970 1047 2159 1117 fortuna
2184 1048 2283 1096 aedi·

1295 1121 1505 1185 ficaretur
1532 1153 1547 1174 ,
1577 1117 1697 1168 ‘Urbs
1731 1121 1871 1170 Roma
1913 1123 2105 1169 maxima
2148 1118 2287 1167 Panis

1299 1193 1483 1253 penuria
1503 1221 1519 1243 ,
1549 1192 1717 1254 cumque
1734 1224 1749 1245 ,
1791 1190 1985 1239 Latomis
1996 1225 2011 1246 ,
2049 1189 2286 1255 caeterisque

1307 1260 1599 1311 Caementariis
1625 1260 1968 1325 conquerentibus
1993 1274 2080 1323 ,qac
2102 1262 2218 1321 caepti
2241 1277 2283 1305 o-

1298 1334 1419 1394 peris
1434 1329 1709 1395 desertionem
1722 1365 1737 1385 ‚
1767 1329 1854 1397 nisi
1872 1331 1958 1396 fibi
1981 1330 2032 1377 de
2052 1329 2170 1377 Pane
2185 1343 2283 1391 pro-

1308 1400 1537 1449 videretur
1553 1433 1568 1454 ,
1598 1399 1904 1447 minitantibus
1920 1435 1935 1456 ,
1971 1402 2126 1446 anxius
2156 1398 2282 1464 Presl

1309 1469 1334 1517 b
1328 1485 1431 1535 yter
1448 1468 1620 1518 cunHas
1637 1470 1777 1518 domos
1805 1470 2012 1519 luft'raret
2030 1502 2044 1523 ‚
2068 1472 2116 1514 in
2147 1468 2286 1534 cujus-

1311 1540 1411 1588 dam
1436 1543 1690 1603 pauperculae
1717 1542 1909 1589 mulieris
1935 1575 1950 1596 ,
1977 1542 2144 1586 nomine
2175 1538 2283 1586 Per·

1311 1630 1367 1659 nae
1384 1607 1592 1676 ,fitrnum
1617 1643 1632 1665 ‚
1666 1608 1850 1676 Ecclefiae
1879 1612 2145 1676 contiguum,
2171 1624 2288 1673 quem

1315 1680 1541 1748 adhucfhb
1566 1679 1707 1728 eadem
1740 1698 1906 1729 cernere
1936 1682 2067 1733 licet,
2099 1676 2288 1734 incidit,

1312 1749 1458 1817 ibique
1486 1748 1738 1800 derelielum
1761 1784 1776 1805 ,
1817 1766 2044 1816 magnaeque
2076 1750 2285 1814 quantita—

1312 1824 1404 1876 tis,
1435 1837 1558 1888 atque
1585 1820 1937 1886 excellenttffimae
1957 1817 2170 1867 albedinis
2199 1818 2286 1867 Pa-

1316 1907 1409 1937 nem
1429 1925 1444 1946 2
1475 1891 1536 1939 ad
1549 1890 1710 1937 nullum
1728 1903 1866 1937 tamen
1889 1889 2153 1957 speilancem
2170 1920 2186 1941 ‚
2218 1891 2288 1936 in·

1314 1963 1447 2007 venit
1470 1995 1481 2005 .
1517 1957 1664 2031 Qem
1695 1973 1836 2008 tamen
1856 1974 2062 2024 acceptum
2079 1991 2093 2013 ,
2124 1970 2286 2022 atque-2

1313 2034 1362 2079 in
1374 2044 1522 2094 partes
1537 2030 1738 2095 divisum
1758 2064 1775 2086 ,
1799 2033 2006 2094 operariis
2022 2025 2257 2077 distribuit
2273 2059 2284 2072 .

1313 2097 1495 2170 Qibus
1505 2099 1696 2148 omnibus
1711 2104 1866 2164 optime
1882 2097 2055 2166 refic‘iis
2070 2130 2087 2152 ‚
2119 2111 2288 2144 tantum

1311 2170 1470 2236 refidui
1482 2166 1582 2236 fixit
1600 2203 1615 2224 ,
1640 2183 1687 2215 ut
1713 2168 1772 2215 ad
1789 2170 1951 2235 aliquot
1967 2167 2058 2216 dies
2075 2167 2173 2213 illis
2186 2162 2286 2232 suf·

1295 2237 1458 2309 ficerit
1483 2273 1494 2284 .
1520 2237 1660 2314 Qod
1676 2240 1872 2288 miraculo
1884 2241 1903 2291 (
1916 2253 1963 2285 ut
1966 2249 2047 2299 par
2060 2250 2149 2285 erat
2168 2240 2286 2295 >tri-

1313 2309 1442 2358 buens
1459 2344 1474 2365 ,
1500 2311 1585 2375 ipse
1610 2307 1814 2356 santulus
1835 2309 1982 2357 voluit
2004 2342 2020 2364 ,
2060 2301 2290 2370 utpraefitta

1316 2378 1499 2446 Ecclesia
1514 2379 1574 2429 D.
1597 2376 1824 2427 Laurentii
1852 2377 1984 2428 Panis
2016 2376 2157 2427 Pernae
2197 2377 2286 2424 in..-

1299 2450 1519 2513 posslerum
1535 2448 1879 2512 appellitaretur.
1909 2448 2025 2494 Haec
2042 2446 2208 2493 Gonza
2212 2461 2284 2510 ga.

1310 2521 1414 2566 Nec
1440 2514 1722 2584 aspernanda
1757 2516 1821 2564 est
1841 2515 2105 2563 Martinelli
2134 2530 2285 2575 conje-

1311 2588 1442 2636 &ura
1461 2588 1508 2634 in
1528 2584 1606 2633 sua
1624 2586 1761 2639 Roma
1778 2586 2005 2636 Ricercata
2022 2606 2036 2644 3
2065 2583 2145 2651 qui
2172 2582 2286 2630 hanc

1311 2658 1444 2708 Panis
1463 2658 1608 2706 Perna
1640 2656 2079 2704 denominationem
2099 2652 2285 2701 deriva-

1306 2741 1405 2775 tam
1423 2721 1553 2775 fuiffe
1569 2724 1727 2774 censet
1741 2745 1765 2773 a
1783 2743 1899 2775 voce
1919 2726 2137 2789 Perpenna
2152 2757 2168 2779 ‚
2208 2716 2287 2768 seu

1306 2799 1522 2864 Perpena‚
1549 2814 1648 2862 quae
1667 2794 1858 2844 Nobilis
1876 2796 2082 2845 Familiae
2109 2796 2288 2840 Roma·-

1308 2887 1375 2917 nae
1392 2884 1625 2935 agnomen
1642 2878 1740 2915 erat
1754 2902 1770 2923 ,
1807 2879 1860 2913 ut
1879 2867 1925 2914 in
1958 2865 2100 2913 variis
2120 2857 2285 2936 Inseri-

1309 2935 1548 3007 ptionibus
1579 2933 1705 3003 apud
1733 2938 2001 2984 Gruterum
2027 2969 2043 2991 ,
2091 2933 2140 2982 &
2169 2928 2286 2975 allos

1307 3006 1474 3058 videre
1493 3004 1557 3054 est
1575 3041 1586 3052 .
1608 3007 1768 3072 Qare
1786 3019 1866 3053 aut
1881 3007 2010 3054 locus
2023 3002 2078 3051 ab
2095 2995 2190 3066 ipsa
2204 2998 2288 3044 Fa·

1309 3078 1543 3133 milia,aut
1561 3072 1656 3142 ipsa
1673 3073 1924 3132 Ecclefia,a
1942 3070 2130 3142 proprio
2143 3084 2201 3115 ex
2217 3083 2288 3114 ea·

1309 3147 1420 3196 dem
1433 3147 1628 3195 Familia
1639 3141 1918 3200 fundatore,
1941 3137 2286 3189 denominatio-

1311 3233 1420 3266 nem
1434 3211 1763 3280 desumpfit,ut
1775 3213 1965 3261 videtur
1981 3211 2169 3256 innuere
2185 3222 2287 3271 par-

1312 3286 1456 3335 ticula
1469 3280 1715 3342 in‚scilicet
1730 3287 1777 3331 in
1794 3283 2158 3345 Perpenna,nunc
2169 3277 2288 3327 Pane

2182 3346 2284 3397 Per«
