<?xml version="1.0" encoding="UTF-8"?>
<!DOCTYPE html PUBLIC "-//W3C//DTD XHTML 1.0 Transitional//EN"
    "http://www.w3.org/TR/xhtml1/DTD/xhtml1-transitional.dtd">
<html xmlns="http://www.w3.org/1999/xhtml" xml:lang="en" lang="en">
 <head>
  <title>
</title>
<meta http-equiv="Content-Type" content="text/html;charset=utf-8" />
  <meta name='ocr-system' content='tesseract 3.04.00' />
  <meta name='ocr-capabilities' content='ocr_page ocr_carea ocr_par ocr_line ocrx_word'/>
</head>
<body>
  <div class='ocr_page' id='page_1' title='image "./joannisciampinir2thru3ciam_0346.png"; bbox 0 0 2378 3674; ppageno 0'>
   <div class='ocr_carea' id='block_1_1' title="bbox 339 246 2244 797">
    <p class='ocr_par' dir='ltr' id='par_1_1' title="bbox 339 246 2244 797">
     <span class='ocr_line' id='line_1_1' title="bbox 339 246 2244 797; baseline 0 2877"><span class='ocrx_word' id='word_1_1' title='bbox 339 246 2244 797; x_wconf 95' lang='lat' dir='ltr'> </span> 
     </span>
    </p>
   </div>
   <div class='ocr_carea' id='block_1_2' title="bbox 778 872 1852 960">
    <p class='ocr_par' dir='ltr' id='par_1_2' title="bbox 778 872 1852 960">
     <span class='ocr_line' id='line_1_2' title="bbox 778 872 1852 960; baseline -0.002 -3"><span class='ocrx_word' id='word_1_2' title='bbox 778 872 1852 960; x_wconf 83' lang='lat' dir='ltr'><strong>AUCTORIS.</strong></span> 
     </span>
    </p>
   </div>
   <div class='ocr_carea' id='block_1_3' title="bbox 332 1067 2377 3162">
    <p class='ocr_par' dir='ltr' id='par_1_3' title="bbox 526 1067 2341 1227">
     <span class='ocr_line' id='line_1_3' title="bbox 547 1067 2334 1148; baseline 0 -22"><span class='ocrx_word' id='word_1_3' title='bbox 547 1129 556 1148; x_wconf 64' lang='lat'><em>„</em></span> <span class='ocrx_word' id='word_1_4' title='bbox 586 1126 608 1145; x_wconf 34' lang='grc' dir='ltr'>Η</span> <span class='ocrx_word' id='word_1_5' title='bbox 714 1127 746 1144; x_wconf 73' lang='lat'>..</span> <span class='ocrx_word' id='word_1_6' title='bbox 800 1071 936 1125; x_wconf 79' lang='lat' dir='ltr'>UM</span> <span class='ocrx_word' id='word_1_7' title='bbox 979 1070 1192 1126; x_wconf 87' lang='lat' dir='ltr'>Cimelii</span> <span class='ocrx_word' id='word_1_8' title='bbox 1235 1070 1343 1122; x_wconf 87' lang='lat' dir='ltr'>mei</span> <span class='ocrx_word' id='word_1_9' title='bbox 1381 1068 1691 1123; x_wconf 82' lang='lat' dir='ltr'>evolverem</span> <span class='ocrx_word' id='word_1_10' title='bbox 1728 1067 1925 1127; x_wconf 87' lang='lat' dir='ltr'>libros,</span> <span class='ocrx_word' id='word_1_11' title='bbox 1961 1069 2098 1123; x_wconf 71' lang='lat' dir='ltr'>forte</span> <span class='ocrx_word' id='word_1_12' title='bbox 2134 1070 2186 1123; x_wconf 90' lang='lat' dir='ltr'>in</span> <span class='ocrx_word' id='word_1_13' title='bbox 2208 1073 2334 1126; x_wconf 87' lang='lat' dir='ltr'>Pro·</span> 
     </span>
     <span class='ocr_line' id='line_1_4' title="bbox 526 1145 2341 1223; baseline -0.003 -15"><span class='ocrx_word' id='word_1_14' title='bbox 526 1193 580 1210; x_wconf 48' lang='lat' dir='ltr'><strong>ff</strong></span> <span class='ocrx_word' id='word_1_15' title='bbox 778 1152 781 1166; x_wconf 72' lang='lat'>²</span> <span class='ocrx_word' id='word_1_16' title='bbox 829 1150 1046 1223; x_wconf 79' lang='lat' dir='ltr'>copium</span> <span class='ocrx_word' id='word_1_17' title='bbox 1082 1146 1274 1205; x_wconf 86' lang='lat' dir='ltr'>incidi,</span> <span class='ocrx_word' id='word_1_18' title='bbox 1311 1149 1406 1219; x_wconf 89' lang='lat' dir='ltr'>qui</span> <span class='ocrx_word' id='word_1_19' title='bbox 1438 1145 1504 1199; x_wconf 90' lang='lat' dir='ltr'>de</span> <span class='ocrx_word' id='word_1_20' title='bbox 1539 1146 1842 1218; x_wconf 73' lang='lat' dir='ltr'>AE&#39;dificiisa</span> <span class='ocrx_word' id='word_1_21' title='bbox 1868 1147 2155 1217; x_wconf 46' lang='lat' dir='ltr'>&amp;affiniano</span> <span class='ocrx_word' id='word_1_22' title='bbox 2190 1150 2341 1220; x_wconf 79' lang='lat' dir='ltr'>Impe-</span> 
     </span>
    </p>

    <p class='ocr_par' dir='ltr' id='par_1_4' title="bbox 377 1223 2340 1460">
     <span class='ocr_line' id='line_1_5' title="bbox 407 1223 2335 1300; baseline 0.001 -21"><span class='ocrx_word' id='word_1_23' title='bbox 407 1268 424 1278; x_wconf 7' lang='grc' dir='ltr'>*χ</span> <span class='ocrx_word' id='word_1_24' title='bbox 607 1272 612 1274; x_wconf 38' lang='grc'><strong><em>«</em></strong></span> <span class='ocrx_word' id='word_1_25' title='bbox 666 1231 740 1268; x_wconf 62' lang='lat'>⁶</span> <span class='ocrx_word' id='word_1_26' title='bbox 830 1247 986 1283; x_wconf 78' lang='lat' dir='ltr'>ratore</span> <span class='ocrx_word' id='word_1_27' title='bbox 1022 1225 1294 1300; x_wconf 57' lang='lat' dir='ltr'>constrmffssis</span> <span class='ocrx_word' id='word_1_28' title='bbox 1323 1227 1538 1279; x_wconf 87' lang='lat' dir='ltr'>brevem</span> <span class='ocrx_word' id='word_1_29' title='bbox 1575 1223 1864 1279; x_wconf 74' lang='lat' dir='ltr'>admodnrn</span> <span class='ocrx_word' id='word_1_30' title='bbox 1890 1227 2335 1282; x_wconf 84' lang='lat' dir='ltr'>contexuitTra-</span> 
     </span>
     <span class='ocr_line' id='line_1_6' title="bbox 478 1302 2340 1379; baseline -0.001 -20.051"><span class='ocrx_word' id='word_1_31' title='bbox 478 1302 787 1382; x_wconf 45' lang='grc' dir='ltr'>ἴῃς</span> <span class='ocrx_word' id='word_1_32' title='bbox 830 1308 1032 1361; x_wconf 67' lang='lat' dir='ltr'>clatum</span> <span class='ocrx_word' id='word_1_33' title='bbox 1062 1347 1072 1357; x_wconf 86' lang='lat'><strong><em>.</em></strong></span> <span class='ocrx_word' id='word_1_34' title='bbox 1107 1304 1367 1358; x_wconf 85' lang='lat' dir='ltr'>Animum</span> <span class='ocrx_word' id='word_1_35' title='bbox 1411 1302 1694 1374; x_wconf 70' lang='lat' dir='ltr'>propterea</span> <span class='ocrx_word' id='word_1_36' title='bbox 1732 1302 1800 1354; x_wconf 88' lang='lat' dir='ltr'>ad</span> <span class='ocrx_word' id='word_1_37' title='bbox 1838 1302 2200 1373; x_wconf 80' lang='lat' dir='ltr'>Constantinum</span> <span class='ocrx_word' id='word_1_38' title='bbox 2230 1306 2340 1358; x_wconf 75' lang='lat' dir='ltr'>Ma-</span> 
     </span>
     <span class='ocr_line' id='line_1_7' title="bbox 482 1380 2339 1458; baseline 0.001 -25"><span class='ocrx_word' id='word_1_39' title='bbox 482 1426 497 1446; x_wconf 38' lang='lat'>0</span> <span class='ocrx_word' id='word_1_40' title='bbox 673 1417 750 1435; x_wconf 44' lang='grc' dir='ltr'>ω</span> <span class='ocrx_word' id='word_1_41' title='bbox 820 1405 976 1458; x_wconf 74' lang='lat' dir='ltr'>gnum</span> <span class='ocrx_word' id='word_1_42' title='bbox 998 1421 1013 1442; x_wconf 86' lang='lat'>‚</span> <span class='ocrx_word' id='word_1_43' title='bbox 1047 1384 1438 1455; x_wconf 76' lang='lat' dir='ltr'>Imperatorem</span> <span class='ocrx_word' id='word_1_44' title='bbox 1475 1380 1539 1434; x_wconf 88' lang='lat' dir='ltr'>de</span> <span class='ocrx_word' id='word_1_45' title='bbox 1583 1380 1880 1450; x_wconf 84' lang='lat' dir='ltr'>Republica</span> <span class='ocrx_word' id='word_1_46' title='bbox 1915 1381 2216 1436; x_wconf 83' lang='lat' dir='ltr'>Christiana</span> <span class='ocrx_word' id='word_1_47' title='bbox 2251 1401 2339 1453; x_wconf 85' lang='lat' dir='ltr'>op-</span> 
     </span>
    </p>

    <p class='ocr_par' dir='ltr' id='par_1_5' title="bbox 332 1457 2377 3162">
     <span class='ocr_line' id='line_1_8' title="bbox 732 1457 2336 1531; baseline -0.003 -14.768"><span class='ocrx_word' id='word_1_48' title='bbox 732 1457 735 1468; x_wconf 83' lang='grc'>’</span> <span class='ocrx_word' id='word_1_49' title='bbox 768 1527 771 1528; x_wconf 16' lang='lat'><em>⁷</em></span> <span class='ocrx_word' id='word_1_50' title='bbox 828 1464 959 1517; x_wconf 69' lang='lat' dir='ltr'>time</span> <span class='ocrx_word' id='word_1_51' title='bbox 1001 1461 1285 1517; x_wconf 86' lang='lat' dir='ltr'>meritum,</span> <span class='ocrx_word' id='word_1_52' title='bbox 1317 1458 1585 1518; x_wconf 84' lang='lat' dir='ltr'>converti;</span> <span class='ocrx_word' id='word_1_53' title='bbox 1622 1457 1930 1531; x_wconf 86' lang='lat' dir='ltr'>nullumque</span> <span class='ocrx_word' id='word_1_54' title='bbox 1971 1461 2336 1531; x_wconf 69' lang='lat' dir='ltr'>Scriptorem-,</span> 
     </span>
     <span class='ocr_line' id='line_1_9' title="bbox 341 1535 2338 1617; baseline -0.002 -23"><span class='ocrx_word' id='word_1_55' title='bbox 341 1540 592 1597; x_wconf 79' lang='lat' dir='ltr'>adinveni</span> <span class='ocrx_word' id='word_1_56' title='bbox 629 1582 643 1603; x_wconf 88' lang='lat'>‚</span> <span class='ocrx_word' id='word_1_57' title='bbox 691 1544 782 1617; x_wconf 87' lang='lat' dir='ltr'>qui</span> <span class='ocrx_word' id='word_1_58' title='bbox 828 1541 894 1595; x_wconf 83' lang='lat' dir='ltr'>de</span> <span class='ocrx_word' id='word_1_59' title='bbox 937 1544 1099 1594; x_wconf 76' lang='lat' dir='ltr'>Sacris</span> <span class='ocrx_word' id='word_1_60' title='bbox 1129 1536 1382 1609; x_wconf 75' lang='lat' dir='ltr'>AEdificiis</span> <span class='ocrx_word' id='word_1_61' title='bbox 1423 1535 1485 1593; x_wconf 74' lang='lat' dir='ltr'>ab</span> <span class='ocrx_word' id='word_1_62' title='bbox 1523 1535 1680 1590; x_wconf 80' lang='lat' dir='ltr'>eodem</span> <span class='ocrx_word' id='word_1_63' title='bbox 1725 1535 1998 1605; x_wconf 63' lang='lat' dir='ltr'>constrztc‘lis</span> <span class='ocrx_word' id='word_1_64' title='bbox 2030 1538 2338 1611; x_wconf 64' lang='lat' dir='ltr'>peculiare.»</span> 
     </span>
     <span class='ocr_line' id='line_1_10' title="bbox 338 1613 2337 1689; baseline 0.001 -22"><span class='ocrx_word' id='word_1_65' title='bbox 338 1637 470 1689; x_wconf 78' lang='lat' dir='ltr'>opus</span> <span class='ocrx_word' id='word_1_66' title='bbox 509 1621 769 1677; x_wconf 82' lang='lat' dir='ltr'>exarandi</span> <span class='ocrx_word' id='word_1_67' title='bbox 799 1635 985 1672; x_wconf 83' lang='lat' dir='ltr'>curam</span> <span class='ocrx_word' id='word_1_68' title='bbox 1017 1613 1291 1686; x_wconf 83' lang='lat' dir='ltr'>susceperit</span> <span class='ocrx_word' id='word_1_69' title='bbox 1323 1641 1339 1676; x_wconf 66' lang='grc' dir='ltr'>ς</span> <span class='ocrx_word' id='word_1_70' title='bbox 1372 1627 1701 1688; x_wconf 83' lang='lat' dir='ltr'>quapropter</span> <span class='ocrx_word' id='word_1_71' title='bbox 1732 1630 1910 1684; x_wconf 76' lang='lat' dir='ltr'>operae</span> <span class='ocrx_word' id='word_1_72' title='bbox 1948 1617 2180 1686; x_wconf 86' lang='lat' dir='ltr'>pretium</span> <span class='ocrx_word' id='word_1_73' title='bbox 2223 1614 2337 1669; x_wconf 88' lang='lat' dir='ltr'>fore</span> 
     </span>
     <span class='ocr_line' id='line_1_11' title="bbox 337 1689 2337 1765; baseline -0.003 -15"><span class='ocrx_word' id='word_1_74' title='bbox 337 1697 507 1758; x_wconf 81' lang='lat' dir='ltr'>duxi,</span> <span class='ocrx_word' id='word_1_75' title='bbox 541 1701 665 1753; x_wconf 90' lang='lat' dir='ltr'>huic</span> <span class='ocrx_word' id='word_1_76' title='bbox 707 1697 1014 1765; x_wconf 80' lang='lat' dir='ltr'>singillatim</span> <span class='ocrx_word' id='word_1_77' title='bbox 1048 1693 1215 1746; x_wconf 82' lang='lat' dir='ltr'>studio</span> <span class='ocrx_word' id='word_1_78' title='bbox 1255 1709 1403 1746; x_wconf 87' lang='lat' dir='ltr'>meas</span> <span class='ocrx_word' id='word_1_79' title='bbox 1437 1689 1730 1744; x_wconf 86' lang='lat' dir='ltr'>subsecivas</span> <span class='ocrx_word' id='word_1_80' title='bbox 1766 1690 2003 1746; x_wconf 84' lang='lat' dir='ltr'>addicere</span> <span class='ocrx_word' id='word_1_81' title='bbox 2043 1695 2202 1747; x_wconf 87' lang='lat' dir='ltr'>horas</span> <span class='ocrx_word' id='word_1_82' title='bbox 2225 1730 2240 1751; x_wconf 90' lang='lat'>‚</span> <span class='ocrx_word' id='word_1_83' title='bbox 2278 1710 2337 1747; x_wconf 86' lang='lat' dir='ltr'>ac</span> 
     </span>
     <span class='ocr_line' id='line_1_12' title="bbox 337 1768 2334 1849; baseline -0.003 -21"><span class='ocrx_word' id='word_1_84' title='bbox 337 1794 432 1834; x_wconf 83' lang='lat' dir='ltr'>ea,</span> <span class='ocrx_word' id='word_1_85' title='bbox 474 1792 593 1849; x_wconf 82' lang='lat' dir='ltr'>quae</span> <span class='ocrx_word' id='word_1_86' title='bbox 635 1775 700 1830; x_wconf 85' lang='lat' dir='ltr'>de</span> <span class='ocrx_word' id='word_1_87' title='bbox 735 1774 915 1830; x_wconf 87' lang='lat' dir='ltr'>iisdem</span> <span class='ocrx_word' id='word_1_88' title='bbox 959 1772 1131 1827; x_wconf 85' lang='lat' dir='ltr'>Sacris</span> <span class='ocrx_word' id='word_1_89' title='bbox 1175 1768 1433 1823; x_wconf 86' lang='lat' dir='ltr'>AEdificiis</span> <span class='ocrx_word' id='word_1_90' title='bbox 1469 1788 1498 1822; x_wconf 87' lang='lat' dir='ltr'>a</span> <span class='ocrx_word' id='word_1_91' title='bbox 1532 1783 1679 1821; x_wconf 87' lang='lat' dir='ltr'>tanto</span> <span class='ocrx_word' id='word_1_92' title='bbox 1718 1770 2048 1839; x_wconf 81' lang='lat' dir='ltr'>Imperatore</span> <span class='ocrx_word' id='word_1_93' title='bbox 2072 1771 2334 1828; x_wconf 82' lang='lat' dir='ltr'>excitatis,</span> 
     </span>
     <span class='ocr_line' id='line_1_13' title="bbox 336 1845 2339 1925; baseline -0.004 -19"><span class='ocrx_word' id='word_1_94' title='bbox 336 1851 556 1925; x_wconf 78' lang='lat' dir='ltr'>sparsim</span> <span class='ocrx_word' id='word_1_95' title='bbox 593 1856 644 1910; x_wconf 91' lang='lat' dir='ltr'>in</span> <span class='ocrx_word' id='word_1_96' title='bbox 677 1852 937 1908; x_wconf 84' lang='lat' dir='ltr'>nonnullis</span> <span class='ocrx_word' id='word_1_97' title='bbox 972 1851 1224 1919; x_wconf 87' lang='lat' dir='ltr'>leguntur</span> <span class='ocrx_word' id='word_1_98' title='bbox 1249 1847 1571 1905; x_wconf 63' lang='lat' dir='ltr'>Auctoribus</span> <span class='ocrx_word' id='word_1_99' title='bbox 1596 1884 1611 1905; x_wconf 96' lang='lat'>‚</span> <span class='ocrx_word' id='word_1_100' title='bbox 1647 1845 1893 1915; x_wconf 79' lang='lat' dir='ltr'>colligere</span> <span class='ocrx_word' id='word_1_101' title='bbox 1921 1886 1931 1898; x_wconf 92' lang='lat'><strong>.</strong></span> <span class='ocrx_word' id='word_1_102' title='bbox 1968 1847 2060 1901; x_wconf 85' lang='lat' dir='ltr'>Ad</span> <span class='ocrx_word' id='word_1_103' title='bbox 2097 1848 2339 1901; x_wconf 81' lang='lat' dir='ltr'>laborem</span> 
     </span>
     <span class='ocr_line' id='line_1_14' title="bbox 336 1924 2337 2000; baseline -0.003 -17"><span class='ocrx_word' id='word_1_104' title='bbox 336 1932 478 1984; x_wconf 85' lang='lat' dir='ltr'>hunc</span> <span class='ocrx_word' id='word_1_105' title='bbox 514 1932 577 1984; x_wconf 77' lang='lat' dir='ltr'>eo</span> <span class='ocrx_word' id='word_1_106' title='bbox 629 1932 801 2000; x_wconf 85' lang='lat' dir='ltr'>magis</span> <span class='ocrx_word' id='word_1_107' title='bbox 842 1925 1223 1999; x_wconf 86' lang='lat' dir='ltr'>suscipiendum</span> <span class='ocrx_word' id='word_1_108' title='bbox 1261 1944 1346 1981; x_wconf 85' lang='lat' dir='ltr'>me</span> <span class='ocrx_word' id='word_1_109' title='bbox 1387 1924 1593 1979; x_wconf 79' lang='lat' dir='ltr'>accinxi</span> <span class='ocrx_word' id='word_1_110' title='bbox 1631 1961 1648 1986; x_wconf 92' lang='lat'><strong>,</strong></span> <span class='ocrx_word' id='word_1_111' title='bbox 1696 1924 1806 1996; x_wconf 76' lang='lat' dir='ltr'>quo</span> <span class='ocrx_word' id='word_1_112' title='bbox 1844 1925 2016 1994; x_wconf 85' lang='lat' dir='ltr'>magis</span> <span class='ocrx_word' id='word_1_113' title='bbox 2071 1926 2337 1980; x_wconf 60' lang='lat' dir='ltr'>alterum„</span> 
     </span>
     <span class='ocr_line' id='line_1_15' title="bbox 337 2001 2345 2082; baseline -0.002 -23"><span class='ocrx_word' id='word_1_114' title='bbox 337 2026 518 2063; x_wconf 83' lang='lat' dir='ltr'>meum</span> <span class='ocrx_word' id='word_1_115' title='bbox 565 2009 717 2082; x_wconf 78' lang='lat' dir='ltr'>Opus</span> <span class='ocrx_word' id='word_1_116' title='bbox 753 2014 971 2063; x_wconf 77' lang='lat' dir='ltr'>Veterum</span> <span class='ocrx_word' id='word_1_117' title='bbox 1008 2006 1419 2058; x_wconf 74' lang='lat' dir='ltr'>Monimentorum</span> <span class='ocrx_word' id='word_1_118' title='bbox 1447 2039 1462 2064; x_wconf 92' lang='lat'><strong>,</strong></span> <span class='ocrx_word' id='word_1_119' title='bbox 1500 2001 1644 2077; x_wconf 86' lang='lat' dir='ltr'>quod</span> <span class='ocrx_word' id='word_1_120' title='bbox 1687 2019 1798 2073; x_wconf 76' lang='lat' dir='ltr'>prae</span> <span class='ocrx_word' id='word_1_121' title='bbox 1847 2003 2086 2056; x_wconf 82' lang='lat' dir='ltr'>manibus</span> <span class='ocrx_word' id='word_1_122' title='bbox 2126 2004 2296 2057; x_wconf 79' lang='lat' dir='ltr'>habeo</span> <span class='ocrx_word' id='word_1_123' title='bbox 2328 2038 2345 2065; x_wconf 91' lang='lat'><strong>,</strong></span> 
     </span>
     <span class='ocr_line' id='line_1_16' title="bbox 337 2076 2341 2157; baseline -0.003 -19"><span class='ocrx_word' id='word_1_124' title='bbox 337 2084 597 2139; x_wconf 83' lang='lat' dir='ltr'>illustrare</span> <span class='ocrx_word' id='word_1_125' title='bbox 634 2084 781 2157; x_wconf 88' lang='lat' dir='ltr'>posse</span> <span class='ocrx_word' id='word_1_126' title='bbox 824 2083 1122 2140; x_wconf 83' lang='lat' dir='ltr'>arbitrabar</span> <span class='ocrx_word' id='word_1_127' title='bbox 1160 2124 1170 2133; x_wconf 92' lang='lat'>.</span> <span class='ocrx_word' id='word_1_128' title='bbox 1225 2084 1374 2135; x_wconf 78' lang='lat' dir='ltr'>Dum</span> <span class='ocrx_word' id='word_1_129' title='bbox 1423 2081 1504 2134; x_wconf 87' lang='lat' dir='ltr'>his</span> <span class='ocrx_word' id='word_1_130' title='bbox 1558 2076 1931 2149; x_wconf 85' lang='lat' dir='ltr'>componendis</span> <span class='ocrx_word' id='word_1_131' title='bbox 1971 2097 2121 2134; x_wconf 87' lang='lat' dir='ltr'>eram</span> <span class='ocrx_word' id='word_1_132' title='bbox 2164 2082 2341 2134; x_wconf 90' lang='lat' dir='ltr'>inten-</span> 
     </span>
     <span class='ocr_line' id='line_1_17' title="bbox 336 2155 2338 2238; baseline -0.003 -22"><span class='ocrx_word' id='word_1_133' title='bbox 336 2178 421 2216; x_wconf 87' lang='lat' dir='ltr'>tus</span> <span class='ocrx_word' id='word_1_134' title='bbox 458 2201 475 2226; x_wconf 87' lang='lat'><em>,</em></span> <span class='ocrx_word' id='word_1_135' title='bbox 511 2164 615 2217; x_wconf 88' lang='lat' dir='ltr'>Vir</span> <span class='ocrx_word' id='word_1_136' title='bbox 653 2163 874 2238; x_wconf 84' lang='lat' dir='ltr'>quidam</span> <span class='ocrx_word' id='word_1_137' title='bbox 913 2158 1066 2215; x_wconf 70' lang='lat' dir='ltr'>valde</span> <span class='ocrx_word' id='word_1_138' title='bbox 1106 2159 1344 2213; x_wconf 86' lang='lat' dir='ltr'>eruditus</span> <span class='ocrx_word' id='word_1_139' title='bbox 1385 2157 1452 2214; x_wconf 88' lang='lat' dir='ltr'>ad</span> <span class='ocrx_word' id='word_1_140' title='bbox 1485 2174 1569 2210; x_wconf 85' lang='lat' dir='ltr'>me</span> <span class='ocrx_word' id='word_1_141' title='bbox 1607 2155 1935 2211; x_wconf 86' lang='lat' dir='ltr'>invisendum</span> <span class='ocrx_word' id='word_1_142' title='bbox 1969 2155 2179 2212; x_wconf 85' lang='lat' dir='ltr'>accessit</span> <span class='ocrx_word' id='word_1_143' title='bbox 2224 2196 2240 2221; x_wconf 90' lang='lat'>,</span> <span class='ocrx_word' id='word_1_144' title='bbox 2284 2158 2338 2210; x_wconf 73' lang='grc' dir='ltr'>δε</span> 
     </span>
     <span class='ocr_line' id='line_1_18' title="bbox 337 2232 2337 2314; baseline -0.002 -21"><span class='ocrx_word' id='word_1_145' title='bbox 337 2240 471 2314; x_wconf 83' lang='lat' dir='ltr'>quid</span> <span class='ocrx_word' id='word_1_146' title='bbox 506 2239 788 2295; x_wconf 84' lang='lat' dir='ltr'>scriberem</span> <span class='ocrx_word' id='word_1_147' title='bbox 827 2238 1139 2298; x_wconf 83' lang='lat' dir='ltr'>sciscitanti,</span> <span class='ocrx_word' id='word_1_148' title='bbox 1173 2234 1473 2309; x_wconf 84' lang='lat' dir='ltr'>responsum</span> <span class='ocrx_word' id='word_1_149' title='bbox 1508 2235 1669 2297; x_wconf 88' lang='lat' dir='ltr'>dedi,</span> <span class='ocrx_word' id='word_1_150' title='bbox 1700 2232 1947 2288; x_wconf 87' lang='lat' dir='ltr'>meditari</span> <span class='ocrx_word' id='word_1_151' title='bbox 1985 2252 2070 2288; x_wconf 89' lang='lat' dir='ltr'>me</span> <span class='ocrx_word' id='word_1_152' title='bbox 2100 2237 2337 2307; x_wconf 84' lang='lat' dir='ltr'>Impera-</span> 
     </span>
     <span class='ocr_line' id='line_1_19' title="bbox 334 2312 2338 2387; baseline -0.003 -15"><span class='ocrx_word' id='word_1_153' title='bbox 334 2319 465 2372; x_wconf 85' lang='lat' dir='ltr'>toris</span> <span class='ocrx_word' id='word_1_154' title='bbox 498 2318 827 2373; x_wconf 87' lang='lat' dir='ltr'>Constantini</span> <span class='ocrx_word' id='word_1_155' title='bbox 857 2316 1000 2387; x_wconf 85' lang='lat' dir='ltr'>gesta</span> <span class='ocrx_word' id='word_1_156' title='bbox 1034 2317 1174 2370; x_wconf 87' lang='lat' dir='ltr'>circa</span> <span class='ocrx_word' id='word_1_157' title='bbox 1217 2316 1402 2371; x_wconf 85' lang='lat' dir='ltr'>Sacras</span> <span class='ocrx_word' id='word_1_158' title='bbox 1444 2312 1605 2368; x_wconf 70' lang='lat' dir='ltr'>AEdes</span> <span class='ocrx_word' id='word_1_159' title='bbox 1634 2313 1686 2365; x_wconf 90' lang='lat' dir='ltr'>in</span> <span class='ocrx_word' id='word_1_160' title='bbox 1724 2329 1888 2366; x_wconf 89' lang='lat' dir='ltr'>unum</span> <span class='ocrx_word' id='word_1_161' title='bbox 1925 2313 2075 2365; x_wconf 90' lang='lat' dir='ltr'>unire</span> <span class='ocrx_word' id='word_1_162' title='bbox 2098 2353 2110 2363; x_wconf 91' lang='lat'><em>.</em></span> <span class='ocrx_word' id='word_1_163' title='bbox 2158 2316 2237 2366; x_wconf 89' lang='lat' dir='ltr'>At</span> <span class='ocrx_word' id='word_1_164' title='bbox 2282 2312 2338 2366; x_wconf 84' lang='lat' dir='ltr'>il-</span> 
     </span>
     <span class='ocr_line' id='line_1_20' title="bbox 335 2389 2330 2466; baseline -0.003 -19"><span class='ocrx_word' id='word_1_165' title='bbox 335 2396 384 2448; x_wconf 88' lang='lat' dir='ltr'>le</span> <span class='ocrx_word' id='word_1_166' title='bbox 423 2398 674 2448; x_wconf 83' lang='lat' dir='ltr'>continuo</span> <span class='ocrx_word' id='word_1_167' title='bbox 714 2396 1021 2466; x_wconf 85' lang='lat' dir='ltr'>subjunxit:</span> <span class='ocrx_word' id='word_1_168' title='bbox 1056 2393 1336 2447; x_wconf 84' lang='lat' dir='ltr'>Undenam</span> <span class='ocrx_word' id='word_1_169' title='bbox 1367 2394 1482 2446; x_wconf 85' lang='lat' dir='ltr'>haec</span> <span class='ocrx_word' id='word_1_170' title='bbox 1512 2389 1752 2458; x_wconf 81' lang='lat' dir='ltr'>colligis?</span> <span class='ocrx_word' id='word_1_171' title='bbox 1788 2390 1894 2442; x_wconf 88' lang='lat' dir='ltr'>Cui</span> <span class='ocrx_word' id='word_1_172' title='bbox 1918 2389 2156 2444; x_wconf 88' lang='lat' dir='ltr'>reddidi:</span> <span class='ocrx_word' id='word_1_173' title='bbox 2185 2390 2330 2444; x_wconf 88' lang='lat' dir='ltr'>Mul-</span> 
     </span>
     <span class='ocr_line' id='line_1_21' title="bbox 335 2465 2377 2529; baseline -0.003 -2"><span class='ocrx_word' id='word_1_174' title='bbox 335 2486 391 2527; x_wconf 84' lang='lat' dir='ltr'>ta</span> <span class='ocrx_word' id='word_1_175' title='bbox 425 2473 477 2526; x_wconf 89' lang='lat' dir='ltr'>in</span> <span class='ocrx_word' id='word_1_176' title='bbox 515 2473 805 2529; x_wconf 86' lang='lat' dir='ltr'>Occidente</span> <span class='ocrx_word' id='word_1_177' title='bbox 838 2472 954 2526; x_wconf 89' lang='lat' dir='ltr'>sunt</span> <span class='ocrx_word' id='word_1_178' title='bbox 992 2467 1236 2525; x_wconf 81' lang='lat' dir='ltr'>AEdificia</span> <span class='ocrx_word' id='word_1_179' title='bbox 1277 2472 1343 2523; x_wconf 87' lang='lat' dir='ltr'>ab</span> <span class='ocrx_word' id='word_1_180' title='bbox 1383 2465 1651 2522; x_wconf 81' lang='lat' dir='ltr'>Anastafio</span> <span class='ocrx_word' id='word_1_181' title='bbox 1688 2465 2096 2521; x_wconf 83' lang='lat' dir='ltr'>Bibliothecario</span> <span class='ocrx_word' id='word_1_182' title='bbox 2146 2465 2331 2521; x_wconf 86' lang='lat' dir='ltr'>descri—</span> <span class='ocrx_word' id='word_1_183' title='bbox 2376 2501 2377 2504; x_wconf 62' lang='lat'><em>=</em></span> 
     </span>
     <span class='ocr_line' id='line_1_22' title="bbox 334 2543 2328 2620; baseline -0.002 -20"><span class='ocrx_word' id='word_1_184' title='bbox 334 2564 465 2620; x_wconf 56' lang='grc' dir='ltr'>μᾶς</span> <span class='ocrx_word' id='word_1_185' title='bbox 504 2550 607 2603; x_wconf 82' lang='lat' dir='ltr'>alia</span> <span class='ocrx_word' id='word_1_186' title='bbox 642 2552 776 2604; x_wconf 75' lang='lat' dir='ltr'>vero</span> <span class='ocrx_word' id='word_1_187' title='bbox 813 2551 863 2603; x_wconf 89' lang='lat' dir='ltr'>in</span> <span class='ocrx_word' id='word_1_188' title='bbox 896 2551 1114 2602; x_wconf 88' lang='lat' dir='ltr'>Oriente</span> <span class='ocrx_word' id='word_1_189' title='bbox 1150 2548 1215 2600; x_wconf 85' lang='lat' dir='ltr'>ab</span> <span class='ocrx_word' id='word_1_190' title='bbox 1250 2545 1471 2601; x_wconf 88' lang='lat' dir='ltr'>Eusebio</span> <span class='ocrx_word' id='word_1_191' title='bbox 1493 2583 1508 2603; x_wconf 94' lang='lat'><strong>,</strong></span> <span class='ocrx_word' id='word_1_192' title='bbox 1539 2543 1756 2616; x_wconf 88' lang='lat' dir='ltr'>aliisque</span> <span class='ocrx_word' id='word_1_193' title='bbox 1792 2545 2148 2615; x_wconf 89' lang='lat' dir='ltr'>Scriptoribus</span> <span class='ocrx_word' id='word_1_194' title='bbox 2179 2546 2328 2598; x_wconf 82' lang='lat' dir='ltr'>Grae-</span> 
     </span>
     <span class='ocr_line' id='line_1_23' title="bbox 334 2619 2336 2696; baseline -0.003 -16"><span class='ocrx_word' id='word_1_195' title='bbox 334 2629 407 2680; x_wconf 87' lang='lat' dir='ltr'>cis</span> <span class='ocrx_word' id='word_1_196' title='bbox 441 2627 700 2680; x_wconf 82' lang='lat' dir='ltr'>indicata.</span> <span class='ocrx_word' id='word_1_197' title='bbox 740 2628 833 2682; x_wconf 91' lang='lat' dir='ltr'>llle</span> <span class='ocrx_word' id='word_1_198' title='bbox 864 2626 1057 2680; x_wconf 73' lang='lat' dir='ltr'>iternm</span> <span class='ocrx_word' id='word_1_199' title='bbox 1097 2623 1403 2693; x_wconf 85' lang='lat' dir='ltr'>subjunxit:</span> <span class='ocrx_word' id='word_1_200' title='bbox 1431 2624 1692 2696; x_wconf 84' lang='lat' dir='ltr'>Qaenam</span> <span class='ocrx_word' id='word_1_201' title='bbox 1731 2619 1860 2675; x_wconf 88' lang='lat' dir='ltr'>fides</span> <span class='ocrx_word' id='word_1_202' title='bbox 1897 2620 2167 2677; x_wconf 75' lang='lat' dir='ltr'>Anastafio</span> <span class='ocrx_word' id='word_1_203' title='bbox 2197 2639 2336 2694; x_wconf 80' lang='lat' dir='ltr'>prae-</span> 
     </span>
     <span class='ocr_line' id='line_1_24' title="bbox 333 2697 2335 2777; baseline -0.003 -20"><span class='ocrx_word' id='word_1_204' title='bbox 333 2703 514 2758; x_wconf 84' lang='lat' dir='ltr'>standa</span> <span class='ocrx_word' id='word_1_205' title='bbox 549 2704 618 2759; x_wconf 88' lang='lat' dir='ltr'>est</span> <span class='ocrx_word' id='word_1_206' title='bbox 648 2743 662 2763; x_wconf 93' lang='lat'><strong>,</strong></span> <span class='ocrx_word' id='word_1_207' title='bbox 717 2706 810 2777; x_wconf 89' lang='lat' dir='ltr'>qui</span> <span class='ocrx_word' id='word_1_208' title='bbox 847 2702 959 2775; x_wconf 86' lang='lat' dir='ltr'>post</span> <span class='ocrx_word' id='word_1_209' title='bbox 1006 2715 1235 2776; x_wconf 87' lang='lat' dir='ltr'>quatuor</span> <span class='ocrx_word' id='word_1_210' title='bbox 1264 2702 1318 2755; x_wconf 84' lang='lat'>&amp;</span> <span class='ocrx_word' id='word_1_211' title='bbox 1361 2701 1502 2755; x_wconf 85' lang='lat' dir='ltr'>ultra</span> <span class='ocrx_word' id='word_1_212' title='bbox 1544 2697 1729 2753; x_wconf 82' lang='lat' dir='ltr'>saecula</span> <span class='ocrx_word' id='word_1_213' title='bbox 1777 2716 1806 2752; x_wconf 80' lang='lat' dir='ltr'>a</span> <span class='ocrx_word' id='word_1_214' title='bbox 1846 2698 2172 2754; x_wconf 87' lang='lat' dir='ltr'>Constantini</span> <span class='ocrx_word' id='word_1_215' title='bbox 2218 2716 2335 2753; x_wconf 84' lang='lat' dir='ltr'>aevo</span> 
     </span>
     <span class='ocr_line' id='line_1_25' title="bbox 338 2774 2337 2854; baseline -0.003 -19"><span class='ocrx_word' id='word_1_216' title='bbox 338 2783 581 2853; x_wconf 78' lang='lat' dir='ltr'>Scriptor</span> <span class='ocrx_word' id='word_1_217' title='bbox 622 2782 762 2838; x_wconf 86' lang='lat' dir='ltr'>fuit?</span> <span class='ocrx_word' id='word_1_218' title='bbox 800 2782 941 2835; x_wconf 87' lang='lat' dir='ltr'>Huic</span> <span class='ocrx_word' id='word_1_219' title='bbox 975 2780 1253 2854; x_wconf 72' lang='lat' dir='ltr'>inopinatae</span> <span class='ocrx_word' id='word_1_220' title='bbox 1291 2777 1517 2837; x_wconf 72' lang='lat' dir='ltr'>censurae</span> <span class='ocrx_word' id='word_1_221' title='bbox 1550 2775 1757 2832; x_wconf 86' lang='lat' dir='ltr'>addidi:</span> <span class='ocrx_word' id='word_1_222' title='bbox 1802 2777 1855 2831; x_wconf 88' lang='lat' dir='ltr'>Si</span> <span class='ocrx_word' id='word_1_223' title='bbox 1888 2774 2016 2830; x_wconf 87' lang='lat' dir='ltr'>fides</span> <span class='ocrx_word' id='word_1_224' title='bbox 2050 2774 2337 2831; x_wconf 84' lang='lat' dir='ltr'>Anastafia-</span> 
     </span>
     <span class='ocr_line' id='line_1_26' title="bbox 335 2853 2335 2928; baseline -0.003 -16"><span class='ocrx_word' id='word_1_225' title='bbox 335 2875 402 2912; x_wconf 85' lang='lat' dir='ltr'>no</span> <span class='ocrx_word' id='word_1_226' title='bbox 438 2861 626 2914; x_wconf 86' lang='lat' dir='ltr'>Codici</span> <span class='ocrx_word' id='word_1_227' title='bbox 666 2858 950 2915; x_wconf 86' lang='lat' dir='ltr'>auferenda</span> <span class='ocrx_word' id='word_1_228' title='bbox 981 2857 1044 2912; x_wconf 87' lang='lat' dir='ltr'>fit</span> <span class='ocrx_word' id='word_1_229' title='bbox 1085 2895 1100 2916; x_wconf 91' lang='lat'>,</span> <span class='ocrx_word' id='word_1_230' title='bbox 1140 2853 1338 2925; x_wconf 67' lang='lat' dir='ltr'>magna</span> <span class='ocrx_word' id='word_1_231' title='bbox 1386 2874 1457 2909; x_wconf 84' lang='lat' dir='ltr'>ex</span> <span class='ocrx_word' id='word_1_232' title='bbox 1496 2870 1649 2928; x_wconf 78' lang='lat' dir='ltr'>parte</span> <span class='ocrx_word' id='word_1_233' title='bbox 1691 2853 2039 2910; x_wconf 81' lang='lat' dir='ltr'>Ecclefiastica</span> <span class='ocrx_word' id='word_1_234' title='bbox 2076 2855 2335 2926; x_wconf 47' lang='lat' dir='ltr'>antiqua.)</span> 
     </span>
     <span class='ocr_line' id='line_1_27' title="bbox 334 2929 2333 3002; baseline -0.003 -14"><span class='ocrx_word' id='word_1_235' title='bbox 334 2935 571 2991; x_wconf 81' lang='lat' dir='ltr'>Historia</span> <span class='ocrx_word' id='word_1_236' title='bbox 607 2951 859 2991; x_wconf 81' lang='lat' dir='ltr'>corruet.</span> <span class='ocrx_word' id='word_1_237' title='bbox 898 2933 1056 2990; x_wconf 85' lang='lat' dir='ltr'>Hisce</span> <span class='ocrx_word' id='word_1_238' title='bbox 1091 2934 1141 2986; x_wconf 88' lang='lat' dir='ltr'>in</span> <span class='ocrx_word' id='word_1_239' title='bbox 1181 2932 1594 2987; x_wconf 75' lang='lat' dir='ltr'>controversiam</span> <span class='ocrx_word' id='word_1_240' title='bbox 1626 2932 1831 2987; x_wconf 87' lang='lat' dir='ltr'>vocatis</span> <span class='ocrx_word' id='word_1_241' title='bbox 1854 2971 1868 2992; x_wconf 92' lang='lat'>‚</span> <span class='ocrx_word' id='word_1_242' title='bbox 1907 2934 2165 3001; x_wconf 82' lang='lat' dir='ltr'>incoeptas</span> <span class='ocrx_word' id='word_1_243' title='bbox 2189 2929 2333 3002; x_wconf 88' lang='lat' dir='ltr'>sepo—</span> 
     </span>
     <span class='ocr_line' id='line_1_28' title="bbox 332 3006 2339 3084; baseline -0.003 -18"><span class='ocrx_word' id='word_1_244' title='bbox 332 3011 410 3067; x_wconf 86' lang='lat' dir='ltr'>sui</span> <span class='ocrx_word' id='word_1_245' title='bbox 438 3014 832 3069; x_wconf 79' lang='lat' dir='ltr'>lucubrationes</span> <span class='ocrx_word' id='word_1_246' title='bbox 853 3052 867 3072; x_wconf 94' lang='lat'>‚</span> <span class='ocrx_word' id='word_1_247' title='bbox 902 3014 1250 3084; x_wconf 84' lang='lat' dir='ltr'>animumque</span> <span class='ocrx_word' id='word_1_248' title='bbox 1290 3011 1357 3065; x_wconf 83' lang='lat' dir='ltr'>ad</span> <span class='ocrx_word' id='word_1_249' title='bbox 1383 3007 1712 3065; x_wconf 84' lang='lat' dir='ltr'>Anastafium</span> <span class='ocrx_word' id='word_1_250' title='bbox 1745 3028 1774 3063; x_wconf 86' lang='lat' dir='ltr'>a</span> <span class='ocrx_word' id='word_1_251' title='bbox 1809 3024 2123 3083; x_wconf 83' lang='lat' dir='ltr'>quacunque</span> <span class='ocrx_word' id='word_1_252' title='bbox 2159 3006 2339 3061; x_wconf 84' lang='lat' dir='ltr'>censu-</span> 
     </span>
     <span class='ocr_line' id='line_1_29' title="bbox 333 3084 2332 3162; baseline -0.002 -19"><span class='ocrx_word' id='word_1_253' title='bbox 333 3108 395 3145; x_wconf 89' lang='lat' dir='ltr'>ra</span> <span class='ocrx_word' id='word_1_254' title='bbox 431 3108 531 3162; x_wconf 90' lang='lat' dir='ltr'>pro</span> <span class='ocrx_word' id='word_1_255' title='bbox 562 3092 709 3162; x_wconf 86' lang='lat' dir='ltr'>posse</span> <span class='ocrx_word' id='word_1_256' title='bbox 731 3089 1108 3156; x_wconf 58' lang='lat' dir='ltr'>vindicandum</span> <span class='ocrx_word' id='word_1_257' title='bbox 1146 3088 1367 3142; x_wconf 76' lang='lat' dir='ltr'>addixi:</span> <span class='ocrx_word' id='word_1_258' title='bbox 1405 3087 1550 3162; x_wconf 89' lang='lat' dir='ltr'>quod</span> <span class='ocrx_word' id='word_1_259' title='bbox 1579 3087 1728 3139; x_wconf 87' lang='lat' dir='ltr'>brevi</span> <span class='ocrx_word' id='word_1_260' title='bbox 1761 3087 2013 3156; x_wconf 85' lang='lat' dir='ltr'>temporis</span> <span class='ocrx_word' id='word_1_261' title='bbox 2050 3084 2219 3158; x_wconf 86' lang='lat' dir='ltr'>spatio</span> <span class='ocrx_word' id='word_1_262' title='bbox 2244 3087 2332 3140; x_wconf 87' lang='lat' dir='ltr'>ab·</span> 
     </span>
    </p>
   </div>
   <div class='ocr_carea' id='block_1_4' title="bbox 333 3160 2338 3292">
    <p class='ocr_par' dir='ltr' id='par_1_6' title="bbox 333 3160 2338 3292">
     <span class='ocr_line' id='line_1_30' title="bbox 333 3160 2333 3244; baseline -0.005 -22"><span class='ocrx_word' id='word_1_263' title='bbox 333 3166 498 3228; x_wconf 82' lang='lat' dir='ltr'>solvi,</span> <span class='ocrx_word' id='word_1_264' title='bbox 538 3170 844 3244; x_wconf 83' lang='lat' dir='ltr'>publicique</span> <span class='ocrx_word' id='word_1_265' title='bbox 875 3169 1008 3240; x_wconf 88' lang='lat' dir='ltr'>juris</span> <span class='ocrx_word' id='word_1_266' title='bbox 1052 3165 1151 3223; x_wconf 84' lang='lat' dir='ltr'>feci</span> <span class='ocrx_word' id='word_1_267' title='bbox 1192 3205 1208 3224; x_wconf 86' lang='lat'>‚</span> <span class='ocrx_word' id='word_1_268' title='bbox 1243 3162 1351 3239; x_wconf 62' lang='lat' dir='ltr'>qua</span> <span class='ocrx_word' id='word_1_269' title='bbox 1383 3178 1559 3222; x_wconf 89' lang='lat' dir='ltr'>tamen</span> <span class='ocrx_word' id='word_1_270' title='bbox 1608 3160 1820 3219; x_wconf 63' lang='lat' dir='ltr'>fortuna</span> <span class='ocrx_word' id='word_1_271' title='bbox 1864 3164 2085 3232; x_wconf 74' lang='lat' dir='ltr'>ignoro,</span> <span class='ocrx_word' id='word_1_272' title='bbox 2126 3161 2333 3224; x_wconf 86' lang='lat' dir='ltr'>Deinde</span> 
     </span>
     <span class='ocr_line' id='line_1_31' title="bbox 2272 3256 2338 3292; baseline -0.03 0"><span class='ocrx_word' id='word_1_273' title='bbox 2272 3256 2338 3292; x_wconf 80' lang='lat' dir='ltr'>in-</span> 
     </span>
    </p>
   </div>
   <div class='ocr_carea' id='block_1_5' title="bbox 338 1072 791 1530">
    <p class='ocr_par' dir='ltr' id='par_1_7' title="bbox 338 1072 791 1530">
     <span class='ocr_line' id='line_1_32' title="bbox 338 1072 791 1530; baseline 0 2144"><span class='ocrx_word' id='word_1_274' title='bbox 338 1072 791 1530; x_wconf 95' lang='lat' dir='ltr'> </span> 
     </span>
    </p>
   </div>
  </div>
 </body>
</html>
