2378 3674
276 275 338 327 Ἣ
661 263 706 310 1>
742 260 778 308 E
849 258 882 305 S
919 257 965 306 A
999 258 1039 307 C
1073 258 1119 307 R
1154 255 1183 305 Ι
1215 259 1250 308 S

278 337 398 400 Papa
443 331 717 380 marmoreis
758 325 928 373 tabulis
972 324 1253 386 constratas,

276 401 610 466 exornatasque
632 393 834 446 Musivis
852 395 1071 463 operibus
1089 432 1107 456 ,
1126 399 1253 446 Con-

281 472 502 522 stantinus
520 472 640 536 Papa
659 502 675 523 ‚
706 463 782 514 sex
802 466 1074 515 &netarum
1094 469 1249 535 Syno-

280 544 396 592 dum
411 534 890 607 pisturis,conspicuas
910 535 1121 586 reddidit
1134 573 1144 584 .
1159 539 1256 586 Pri-

281 611 361 659 mo
388 621 546 656 autem
575 608 632 656 de
664 607 733 655 his
758 607 969 674 partibus
997 607 1257 657 dicendum

280 681 343 730 est
358 714 374 736 ‚
409 695 509 743 quae
526 675 784 727 Meridiem
804 713 820 735 ,
856 678 907 727 &
921 679 1254 743 Aquilonem...»

278 745 568 818 prospectant
588 783 599 794 .
630 748 775 796 Porro
791 749 857 796 hae
875 761 989 814 quot
1006 749 1255 808 columnis,

278 832 351 868 tot
394 816 631 885 parastatis
668 819 876 866 lateritiis
913 816 1222 866 elevabantur
1238 855 1256 877 ,

278 904 389 938 cum
403 885 610 938 totidem
636 887 834 935 arcubus
852 922 869 945 ‚
887 883 983 935 five
1007 884 1265 937 fornicibus

280 962 327 1006 in
347 959 741 1015 intercolumniis,
762 959 864 1005 loco
882 956 1263 1024 peristyliorum,

280 1028 462 1078 tesium
485 1026 868 1078 fulcientibus.Et
885 1025 968 1074 sub
980 1027 1049 1074 his
1065 1027 1263 1077 arcubus

280 1098 488 1166 undique
503 1098 560 1148 ad
575 1095 820 1146 Basilicam
833 1114 915 1165 per
927 1097 1098 1165 gradus
1113 1096 1263 1147 ascen-

281 1169 484 1219 debatur
503 1204 514 1214 .
533 1168 773 1237 Tempore
791 1181 950 1217 autem
965 1166 1262 1235 procedente,

281 1241 476 1290 dextera
492 1240 626 1302 hujus
645 1238 809 1304 quadri
816 1240 1023 1305 porticus
1039 1256 1159 1307 pars,
1176 1258 1260 1288 au-

281 1313 337 1359 lis
356 1309 756 1379 cappellaeJuliae,
784 1309 834 1359 ὃ(
866 1306 1056 1356 AEdibus
1086 1311 1260 1358 Altari-

280 1380 373 1441 stae3
391 1377 566 1427 sinistra
584 1377 720 1436 vero,
739 1376 943 1427 aedificiis
961 1379 1121 1426 Palatii
1137 1383 1263 1447 Apo·-

281 1448 453 1506 stolici‚
467 1450 517 1500 δε
534 1452 681 1498 Sacrae
696 1452 831 1499 Rotae
848 1448 1144 1498 Auditorum
1162 1486 1178 1508 ‚
1198 1462 1261 1497 at-

280 1536 371 1587 que
394 1520 577 1567 Datarii
596 1517 855 1576 cubiculis,
892 1518 1046 1568 clausa
1071 1517 1189 1568 fuit.

359 1607 470 1653 149.
507 1586 694 1640 Verum
712 1588 768 1637 ab
787 1586 910 1638 hisce
925 1585 1134 1656 partibus
1152 1609 1260 1656 qua-

281 1656 565 1728 driporticus
598 1658 656 1707 ad
687 1657 989 1728 posteriorem
1005 1695 1021 1716 ,
1061 1662 1258 1709 ulterio-

280 1747 477 1796 remque
495 1726 834 1796 inspiciendam
850 1729 1263 1780 accedamus.Haec

279 1799 339 1848 ad
369 1800 619 1850 Orientem
650 1796 733 1847 fita
756 1812 858 1848 erat
872 1833 902 1856 ,.
926 1799 1264 1868 pluribusque-2

279 1867 518 1938 parastatis
534 1886 647 1917 cum
670 1868 927 1918 fornicibus
941 1905 959 1928 ,
988 1870 1264 1936 porticibus-

280 1957 371 2006 que
395 1974 411 1995 ,
447 1939 497 1988 &
528 1939 792 1995 columnis,
831 1940 981 1985 immo
1006 1938 1265 2005 parietibus

281 2009 499 2076 plurimis
520 2005 884 2057 intersecabatur
903 2044 914 2054 .
946 2009 1128 2078 Exigua
1147 2028 1265 2075 quae-

281 2078 392 2127 dam
410 2082 506 2141 ejus
523 2094 643 2144 pars,
654 2077 805 2126 adhuc
818 2080 1015 2127 vivente
1030 2081 1094 2127 Al
1099 2080 1262 2146 phara-

281 2165 364 2204 no,
379 2145 646 2214 supererat,
659 2151 790 2210 cujus
805 2149 853 2194 in
869 2148 1028 2197 medio
1042 2184 1058 2206 ,
1078 2147 1153 2197 sex
1172 2151 1263 2198 illae

280 2223 378 2280 jam
395 2213 666 2284 supradistae
686 2222 836 2280 januae
852 2218 952 2265 laxa
962 2217 1158 2277 bantur,
1174 2233 1265 2269 tres

282 2289 460 2337 Ortum
478 2322 495 2343 ,
521 2284 704 2353 tresque
724 2286 960 2337 Occasum
982 2287 1264 2355 spestantes3

283 2358 332 2404 in
349 2355 553 2421 quadam
571 2374 629 2404 ex
646 2353 883 2423 parastatis
899 2375 924 2405 e
943 2357 1179 2408 diametro
1197 2359 1266 2409 di-

285 2421 411 2475 &am
444 2427 707 2491 porticum,
737 2423 794 2473 ab
814 2428 1053 2493 Aquilone
1090 2431 1136 2475 in
1168 2433 1268 2478 Au-

284 2493 431 2544 strum
445 2492 846 2552 intersecantibus,
863 2513 939 2542 ara
950 2496 1266 2563 antiquiffima

284 2561 529 2613 visebatur
558 2565 600 2611 S.
620 2565 785 2611 Mariae
817 2567 865 2612 in
898 2566 1044 2615 Turri
1065 2568 1267 2634 appella-

286 2649 348 2682 ta.
367 2638 496 2682 Ante
516 2633 632 2680 hanc
647 2637 912 2702 Imperator
928 2637 1104 2685 electus
1117 2635 1174 2683 ad
1194 2654 1266 2686 re-

286 2704 554 2771 cipiendam
573 2722 597 2750 a
617 2705 814 2752 Summo
829 2704 1052 2755 Pontifice
1068 2710 1264 2772 Imperii

287 2790 508 2822 coronam
537 2788 846 2841 approperans
870 2808 887 2831 ,
948 2774 1029 2822 ubi
1061 2775 1265 2826 Bafilicae

286 2842 457 2912 gradus
475 2840 1084 2911 ascendisset,0sculatusque
1102 2846 1262 2895 Ponti-

288 2912 386 2962 ficis
397 2912 536 2980 pedes
550 2909 704 2962 fuisset
712 2949 728 2971 ,
744 2915 793 2962 ὅ(
808 2911 864 2962 ab
885 2915 1054 2964 eodem
1071 2952 1087 2974 ‚
1106 2916 1266 2966 osculo

286 2984 340 3034 ἅ.
374 2983 592 3049 amplexu
620 2982 818 3052 benigne
851 2999 1075 3052 exceptus
1090 3021 1108 3043 ,
1146 2989 1269 3036 inter

283 3054 554 3102 *Canonicos
581 3052 896 3119 adoptabatur
921 3091 938 3112 ,
987 3053 1121 3122 seque
1140 3061 1270 3120 jure„

290 3119 486 3184 iurando
507 3125 612 3170 Deo
627 3158 644 3180 ,
657 3124 707 3174 &
722 3126 863 3173 Beato
877 3126 1016 3174 Petro
1034 3125 1266 3194 Apostolo

291 3189 602 3256 promittebat
614 3194 950 3259 protestorem,
965 3193 1271 3247 defensorem-

291 3275 381 3324 que
397 3255 629 3322 futurum,
646 3276 750 3310 tum
763 3263 1020 3325 Pontificis,
1036 3265 1148 3315 curn
1167 3284 1268 3316 orn-

1319 254 1392 307 AE
1425 256 1470 305 D
1506 255 1535 305 Ι
1570 257 1609 307 F
1637 258 1665 307 Ι
1699 264 1737 311 C
1770 260 1800 310 Ῑ
1829 261 1855 313 I
1890 262 1925 312 S

1307 327 1443 373 nium
1461 327 1628 373 S.R.E.
1646 331 1822 391 jurium
1838 366 1855 390 ,
1869 345 2007 399 atque
2027 330 2280 382 bonorumf

1308 394 1429 445 Inde
1454 395 1786 463 Imperialibus
1802 399 2056 468 insignibus
2077 399 2285 471 superin-

1308 465 1450 514 dutus
1480 463 1725 515 Bafilicam
1746 468 2092 537 ingrediebatur
2114 508 2125 518 .
2176 473 2289 520 Late

1308 536 1403 585 haec
1424 534 1705 586 describitur
1718 542 1995 588 caeremonia
2010 543 2055 589 in
2067 541 2190 591 libro
2203 544 2287 591 Ri-
2326 559 2328 562 ’

1308 619 1448 654 tuum
1477 605 1909 657 Ecclesiasticorum
1927 643 1945 666 ,
1980 614 2059 676 qui
2091 610 2175 660 sub
2204 628 2287 661 no-

1309 678 1438 726 mine
1453 676 1782 745 Christophori
1798 679 2022 728 Marcelli
2036 682 2287 750 Archiepi-

1308 745 1434 813 scopi
1454 746 1763 814 Corcyrenfis
1780 746 2181 806 circumfertur,in
2194 764 2291 800 tota

1315 817 1534 866 Seekione
1566 822 1658 868 IV.
1701 821 1819 868 Haec
1848 833 2011 868 autem
2041 837 2145 887 pars
2179 837 2290 886 qua-

1317 884 1599 953 driporticus
1629 891 1672 937 S.
1693 890 1860 938 Mariae
1890 892 1940 938 in
1971 889 2118 939 Turri
2150 906 2292 937 voca-

1318 954 1454 1003 batur
1481 991 1499 1014 ,
1549 960 1626 1006 vel
1654 971 1846 1027 propter
1889 977 2032 1008 unam
2062 960 2106 1007 ei
2133 961 2292 1026 proxi-

1314 1043 1460 1083 mam,
1477 1027 1573 1084 vel,
1591 1041 1643 1074 ut
1665 1029 1765 1077 aliis
1780 1030 1953 1096 placet,
1968 1042 2164 1097 propter
2180 1029 2296 1077 duas

1315 1095 1491 1144 Turres
1510 1099 1844 1165 Campanarias
1856 1134 1873 1157 ,
1903 1101 2027 1148 inter
2050 1116 2160 1166 quas
2173 1100 2295 1148 illa..

1314 1164 1471 1214 media
1487 1166 1796 1216 attollebatur
1817 1205 1828 1217 .

1391 1255 1409 1285 1
1423 1254 1502 1297 50.
1534 1241 1662 1285 Intra
1677 1240 1912 1305 porticum
1935 1239 2054 1289 vero
2074 1257 2099 1287 a
2116 1236 2294 1289 dextris

1317 1306 1363 1353 in
1383 1305 1611 1354 Austrum
1624 1342 1641 1365 ,
1659 1325 1684 1356 e
1700 1307 1950 1377 conspecstu
1972 1309 2139 1358 Turris
2152 1312 2294 1358 Cam-

1316 1377 1531 1443 panariae,
1543 1376 1711 1425 domus
1725 1376 1883 1426 aderat
1900 1376 2297 1446 Archipresbyte·

1314 1448 1353 1492 ri
1369 1480 1387 1503 ,
1407 1464 1457 1495 ac
1471 1447 1585 1494 aulae
1603 1465 1688 1515 pro
1703 1448 1984 1511 janitoribus
1998 1485 2015 1508 ,
2034 1449 2295 1498 Sacerdoti·

1314 1513 1396 1563 bus
1416 1551 1433 1573 ,
1472 1516 1794 1585 Ministrisque
1832 1515 2036 1568 Bafilicae
2054 1552 2065 1563 .
2105 1518 2296 1568 Deinde

1313 1583 1429 1634 vero
1466 1586 1674 1653 porticus
1700 1605 1838 1655 pars,
1868 1587 2293 1656 Archipresbyteri

1313 1656 1458 1704 domo
1479 1653 1634 1703 clausa
1654 1653 1775 1716 fuit,
1803 1656 1914 1706 cum
1932 1656 2163 1707 vetustate
2178 1658 2295 1724 pene

1315 1725 1473 1775 labens
1505 1727 1788 1776 aRichardo
1817 1726 2296 1778 CardinaliConstan·

1318 1792 1449 1844 tienfi
1463 1830 1479 1852 ,
1494 1794 1701 1858 eJ’usdem
1722 1796 1928 1847 Basllicae
1943 1796 2091 1846 Archi
2096 1795 2296 1865 presby-

1317 1879 1420 1914 tero
1435 1900 1451 1922 ,
1469 1863 1677 1914 restituta
1693 1903 1710 1926 ,
1739 1868 1788 1918 δι
1815 1866 2012 1936 pristino
2028 1865 2188 1916 decori
2213 1865 2296 1919 suo

1318 1934 1506 1983 reddita
1523 1932 1705 1985 fuisset.
2306 1959 2309 1962 ·

1394 2023 1411 2053 1
1425 2020 1448 2065 5
1463 2023 1504 2053 1.
1543 2006 1677 2054 Huic
1697 2020 1858 2057 autem
1878 2002 2300 2074 Archipresbyteri

1316 2073 1482 2123 domui
1509 2110 1526 2133 ,
1584 2074 1797 2144 opposita
1839 2075 2096 2126 tollebatur
2127 2076 2299 2126 Turris

1318 2147 1650 2212 Campanaria,
1668 2144 1778 2194 crim
1793 2147 1946 2203 mole,
1968 2159 2069 2194 tum
2084 2148 2226 2212 gravi
2244 2166 2296 2195 ac
2334 2157 2338 2160 ’
2374 2158 2375 2163 ’

1317 2212 1489 2263 sonoro
1516 2233 1850 2283 campanarum
1880 2217 2056 2264 tinnitu
2084 2215 2298 2266 celeber-
2373 2275 2374 2282 ἵ

1315 2286 1434 2332 rima
1450 2320 1468 2343 ,
1503 2285 1563 2333 de
1587 2303 1676 2351 qua
1709 2284 2101 2335 Bibliothecarius
2124 2288 2173 2334 in
2193 2289 2297 2336 Ha·
2372 2295 2374 2332 ζ

1312 2354 1464 2401 driani
1482 2360 1523 2403 Ι.
1545 2356 1645 2402 vita
1660 2352 1722 2402 fic
1738 2372 1917 2405 narrat:
1939 2357 2070 2409 Unde
2087 2375 2144 2404 ex
2154 2361 2298 2406 nimia

1307 2422 1515 2491 fervoris
1543 2425 1775 2475 dile-{lione
1789 2441 1867 2491 pro
1898 2429 2051 2476 honore
2065 2425 2198 2476 Beati
2222 2427 2295 2477 Pe.
2372 2471 2373 2481 2

1319 2498 1384 2540 tri
1414 2494 1718 2558 Apoft'olorum
1749 2497 1973 2562 Principis
2000 2532 2017 2554 ‚
2062 2497 2119 2545 (θ’
2151 2514 2299 2546 ornatu

1315 2562 1446 2630 ipstus
1456 2564 1610 2613 saniir·
1626 2565 1917 2623 Patriarchii,
1934 2567 2201 2628 construxit,
2227 2582 2295 2614 at-

1319 2652 1396 2700 que
1410 2635 1650 2701 <edificavit
1661 2635 1822 2686 ibidem
1834 2641 2013 2687 noviter
2022 2654 2198 2695 turrem,
2220 2641 2282 2685 mi
2286 2672 2295 2681 .

1317 2724 1371 2751 rae
1393 2706 1739 2766 pulchritudinis
1770 2708 2010 2758 decoratam
2030 2743 2046 2764 ,
2078 2709 2301 2757 cohaerenti
2368 2746 2370 2751 .

1307 2777 1477 2841 porticu
1494 2810 1508 2831 ,
1526 2794 1609 2833 quae
1625 2777 1842 2844 descendit
1855 2782 1916 2829 ad
1929 2777 2122 2828 balneum
2136 2813 2146 2823 .
2169 2776 2265 2830 Ubi
2276 2810 2292 2832 ³

1318 2855 1373 2895 (ρ’
1402 2843 1780 2897 deambulatorium
1809 2886 1825 2907 ,
1862 2851 2038 2918 stilicet
2052 2850 2297 2916 solarium-s
2367 2899 2369 2902 Α

1309 2917 1436 2983 fitum
1449 2949 1463 2970 ,
1498 2920 1699 2966 cancellis
1716 2924 1831 2967 aereis
1840 2954 1856 2975 ,
1874 2923 2008 2968 nimis
2015 2918 2296 2984 pulcherrim?

1320 2985 1634 3054 conflruificit
1649 3023 1659 3032 .
1697 2989 1788 3038 Sed
1799 2992 2073 3053 &porticum
2096 2987 2265 3053 ipsium·
2279 3020 2296 3042 2
2366 3033 2367 3036 η

1319 3075 1404 3123 quae
1423 3059 1647 3108 vecufi'ate
1677 3058 1822 3108 diruta
1837 3065 2008 3114 inerat,
2045 3058 2177 3104 nimis
2203 3060 2294 3104 uti·
2343 3099 2346 3101 Α

1319 3129 1423 3177 liter
1449 3132 1696 3178 renovavie
1723 3164 1740 3184 ,
1789 3133 1845 3179 &³
1869 3127 2055 3194 pic‘luris
2076 3159 2093 3182 ‚
2130 3141 2292 3194 atque-.-

1322 3198 1600 3247 marmoribus
1635 3198 1821 3246 eamdem
1847 3214 2007 3246 turrem
2033 3229 2051 3252 ,
2098 3198 2154 3245 &⁶
2189 3213 2293 3244 cun·

1321 3268 1395 3318 Ha
1429 3267 1608 3335 edificia
1635 3268 1690 3318 aeb
1721 3287 1765 3318 eo
1798 3269 1980 3315 noviter
2017 3265 2295 3333 conflruffai
2364 3319 2365 3322 ,

2175 3335 2292 3385 deco-
